3778 5636
320 411 481 462 QUATENUS
497 413 525 459 Τ.
540 413 639 458 ulvius
655 415 682 460 L.
699 413 803 458 cosmo
820 411 994 459 aumrarnu
1011 413 1149 460 ,lucrosa
1167 415 1240 459 USUS
1256 415 1299 460 sir
1363 393 1403 462 13

171 625 340 714 prodigiis
377 625 575 712 enarrandis
610 649 677 692 uno
714 626 831 693 Coelio
867 647 967 692 usum
991 648 1066 691 esse
1105 627 1200 692 nullo
1232 633 1331 715 pacto
1363 627 1447 694 terri

171 741 295 822 potest.

258 845 357 909 Nunc
373 846 409 908 in
426 866 575 930 eaquae
597 843 638 908 de
666 849 778 910 terrae
805 847 900 908 motu
928 849 962 907 et
990 841 1031 906 de
1059 843 1181 930 proelii
1207 849 1358 930 tempore
1381 842 1448 908 duo

171 955 355 1039 scriptores
372 951 597 1034 tradiderunt,
611 952 703 1016 oculi
716 959 797 1017 sunt
812 949 986 1034 adigendi.
999 950 1039 1014 ln
1054 951 1174 1036 primis
1193 950 1332 1015 Coelius
1357 955 1371 1013 t
1384 974 1403 1014 a
1416 973 1450 1013 n·

170 1067 245 1125 tos
277 1061 314 1124 in
337 1059 660 1144 variisregionibus
692 1066 857 1124 terrae
901 1067 1058 1123 motus
1095 1063 1129 1122 et
1153 1057 1275 1122 damna
1300 1080 1385 1143 quae
1410 1057 1447 1122 hi

170 1170 388 1255 protulerunt
399 1174 574 1251 memorat,
587 1175 626 1232 ut
642 1168 795 1255 prodigii
807 1168 863 1230 vis
879 1167 1025 1230 maxime
1040 1165 1178 1246 eniteat,
1192 1173 1310 1230 contra
1321 1165 1446 1228 Livius

169 1277 315 1339 unius
350 1279 516 1338 terrae
550 1275 707 1340 motus
732 1274 940 1338 mentionem
954 1272 1048 1356 facit,
1073 1278 1111 1336 ut
1139 1272 1294 1337 ardorem
1318 1273 1446 1336 animo·

169 1405 244 1446 rum
255 1383 493 1469 pugnantium,
507 1403 651 1468 quorum
663 1405 761 1447 nemo
778 1383 878 1446 illum
893 1386 1004 1444 terrae
1020 1387 1150 1444 motum
1168 1380 1324 1462 senserit,
1342 1379 1445 1443 admi-

168 1511 281 1553 remur
295 1490 350 1572 (1);
374 1488 497 1554 damna
521 1510 655 1575 quoque
678 1495 853 1571 memorat,
871 1487 931 1552 sed
948 1488 1117 1572 regiones,
1144 1509 1230 1572 quaa
1254 1492 1444 1573 prostratae

169 1598 248 1681 sint,
273 1597 469 1662 nominatae
493 1617 561 1660 non
587 1603 675 1679 sunt,
707 1595 854 1680 denique
894 1596 1058 1681 temporis
1095 1596 1244 1681 spatium
1284 1594 1378 1676 dicit,
1404 1617 1445 1658 ex

168 1725 234 1790 quo
254 1700 494 1788 ¹colligendum
518 1710 571 1768 est
594 1704 736 1768 Livium
760 1705 796 1766 in
820 1710 931 1766 terrae
955 1709 1051 1767 motu
1075 1701 1265 1766 enarrando
1300 1701 1342 1766 ab
1382 1703 1443 1766 illo

167 1813 274 1877 atroci
313 1812 444 1898 proelio
489 1811 713 1876 describendo
741 1832 809 1875 non
841 1812 1038 1874 excessisse.
1072 1808 1200 1873 Contra
1230 1809 1320 1895 apud
1364 1807 1447 1874 Coe-

167 1920 253 1983 lium
276 1923 312 1982 et
335 1917 535 1982 Ciceronem
558 1939 694 2004 pugnae
718 1922 864 2003 tempus,
891 1922 1074 2002 antequam
1105 1922 1216 1980 terrae
1243 1922 1356 1980 motus
1380 1939 1446 1980 me-

165 2031 327 2108 moratur,
352 2024 527 2111 proditum
551 2030 612 2089 est.
638 2022 753 2109 Atque
778 2025 882 2089 etiam
906 2023 947 2088 de
972 2024 1047 2110 ipso
1072 2024 1237 2109 temporis
1268 2024 1380 2108 spatio
1397 2023 1447 2087 in·

167 2139 219 2196 ter
242 2132 326 2197 duos
352 2133 536 2218 scriptores
564 2130 830 2218 discrepantiam
870 2130 1039 2216 quandam
1066 2131 1273 2194 invenimus.
1308 2130 1446 2194 Coelius

167 2240 258 2304 enim
281 2239 371 2326 apud
396 2238 595 2304 Ciceronem
618 2239 668 2302 ita
690 2237 804 2303 habet:
831 2263 845 2298 ιι
865 2238 987 2323 Itaque
1011 2237 1177 2306 tribus
1206 2237 1345 2302 horis
1370 2259 1447 2301 con-

166 2347 257 2409 cisus
286 2347 456 2410 exercitus
481 2350 583 2430 atque
608 2346 681 2432 ipse
707 2346 940 2430 [Flaminius]
967 2344 1170 2410 interfectus
1195 2351 1248 2408 est
1268 2367 1297 2427 π)
1322 2343 1447 2429 quibus

167 2475 208 2516 ex
220 2451 337 2516 verbis
362 2453 571 2538 perspicitur
582 2458 717 2538 tempus
731 2474 877 2538 pugnae,
891 2451 933 2516 ad
957 2454 1069 2517 lacum
1093 2452 1340 2516 Trasumenum
1363 2473 1449 2515 com-

164 2560 300 2642 missae,
329 2564 368 2623 ut
384 2558 537 2645 prodigii
554 2559 609 2622 vis
626 2559 736 2642 magis
753 2560 932 2644 magisque
950 2561 1089 2643 eniteat,
1105 2560 1296 2640 memorari;
1312 2558 1448 2639 Livius,

166 2671 293 2750 contra,
307 2667 440 2730 cautius
451 2664 586 2750 (XXII,
603 2666 633 2749 6,
653 2666 692 2748 1);
720 2691 735 2726 u
755 2666 819 2729 tris
848 2665 892 2729 fe
907 2688 923 2728 r
935 2688 999 2730 me
1023 2665 1125 2729 horas
1142 2672 1333 2751 pugnatum
1349 2671 1402 2728 est
1414 2670 1448 2728 et

165 2772 293 2858 ubique
310 2774 472 2838 atrociter
490 2799 517 2838 a.
531 2773 721 2856 Neminem,
738 2753 869 2858 opinor,
883 2772 969 2863 illud
983 2771 1127 2836 verbum
1143 2771 1212 2836 ufe
1225 2793 1287 2836 rm
1299 2794 1341 2836 en
1361 2770 1447 2835 effu-

166 2881 266 2964 gerit,
291 2902 332 2944 ex
356 2902 423 2964 quo
446 2880 589 2944 Livium
612 2901 654 2943 ne
678 2880 742 2944 hac
770 2878 908 2964 quidem
932 2901 968 2943 re
986 2901 1054 2944 unc
1079 2879 1197 2944 Coelio
1214 2879 1379 2969 confisum
1396 2901 1447 2942 es·

166 3008 201 3049 se
225 2985 409 3050 manifesto
437 2992 587 3072 apparet.
1071 3069 1073 3074 Ι
1419 3067 1420 3072 ¹

254 3094 283 3157 F
296 3114 344 3156 ra
357 3115 389 3178 g.
407 3093 462 3156 34
482 3093 565 3173 (Cic.
579 3096 620 3158 de
632 3095 699 3159 dir.
717 3094 745 3176 1,
758 3094 812 3176 24,
829 3094 884 3176 48)
899 3093 1102 3179 Prodigium
1118 3099 1334 3159 memoratur.
1352 3096 1447 3159 Nuu-

166 3205 198 3264 lu
211 3202 265 3282 (2),
279 3221 379 3284 quem
392 3205 528 3264 secutus
541 3205 595 3264 est
605 3202 749 3265 Moltzer
760 3201 872 3286 (pff),
884 3223 924 3264 ex
936 3223 975 3266 eo
986 3200 1076 3286 quod
1088 3202 1213 3265 Livius
1224 3201 1372 3285 (XXIV,
1384 3203 1449 3286 3,6)

4 3391 5 3394 ¹
165 3305 293 3370 diserte
317 3328 454 3372 auream
470 3308 567 3370 illam
590 3308 781 3372 columnam
798 3309 1075 3372 commemoravit
1100 3307 1313 3393 solidamque
1337 3307 1445 3372 fuisse

166 3412 309 3496 addidit,
316 3413 358 3478 ad
370 3413 458 3478 hanc
470 3415 580 3479 Coelii
593 3416 823 3479 narrationem
838 3412 915 3479 eum
928 3415 1119 3500 respexisse
1134 3414 1259 3506 effecit.
1268 3415 1447 3480 Sturmr'us

167 3524 281 3609 autem
290 3521 334 3606 (p.
348 3520 403 3602 42)
415 3543 456 3584 ex
481 3522 620 3585 silentio
633 3521 741 3605 Livii,
760 3543 825 3606 quo
843 3521 1073 3585 narrationem
1090 3521 1186 3585 illam
1210 3521 1280 3586 Cic.
1297 3528 1446 3606 praeter-

166 3626 285 3708 mittit,
293 3627 463 3690 contraria
475 3627 831 3713 oolligit,praesertim
844 3649 920 3691 cum
932 3628 1040 3691 altero
1057 3627 1161 3691 etiam
1173 3627 1248 3692 loco
1259 3627 1446 3711 (XXVIII,

166 3731 219 3815 46,
246 3733 312 3814 16)
335 3727 478 3797 Iunonis
502 3733 666 3798 Laciniae
691 3735 856 3819 templum
887 3739 1169 3798 commemoretur
1203 3740 1238 3798 et
1273 3757 1315 3799 ne
1350 3735 1446 3798 mini·

165 3861 258 3903 mum
282 3839 419 3924 quidem
454 3839 557 3904 huius
594 3840 636 3905 fr.
661 3841 850 3924 vestigium
886 3846 1007 3905 exstet.
1039 3839 1087 3905 At
1121 3861 1182 3905 nos
1217 3843 1443 3907 Luclrmuauo

237 4085 277 4157 (1)
296 4087 336 4140 Hi
356 4094 457 4141 autem
477 4095 573 4142 terrae
593 4095 690 4142 motus
711 4107 769 4143 nou
793 4094 997 4143 memorantur
1016 4107 1033 4142 a
1065 4088 1199 4160 Polybio,
1219 4089 1269 4144 sed
1300 4095 1400 4143 tamen
1429 4109 1446 4143 a

167 4173 283 4228 Zonara
303 4175 406 4246 (VIII,
416 4177 451 4229 25
462 4178 481 4248 ),
500 4196 517 4230 a
537 4177 699 4232 Plutarcho
730 4178 783 4248 (in
805 4198 826 4232 e.
848 4180 930 4230 llicit
949 4196 972 4232 c.
986 4178 1024 4249 3)
1044 4184 1073 4232 et
1092 4196 1109 4231 a
1128 4179 1287 4250 Plini0(2,
1309 4179 1352 4248 84,
1372 4181 1445 4247 200),

167 4263 218 4332 qui
238 4281 340 4319 omnes
358 4283 426 4319 cum
445 4265 532 4322 Livio
551 4273 723 4334 congruunt
742 4269 924 4337 traduntque
948 4269 1025 4322 ‘adeo
1054 4268 1205 4322 intentum
1237 4285 1354 4338 pugnae
1386 4268 1447 4321 ani-

168 4371 250 4407 mum
269 4353 401 4408 militum
420 4373 490 4425 esse,
511 4362 545 4409 ut
564 4355 650 4409 illum
663 4362 766 4411 terrae
784 4364 899 4411 motum
919 4375 977 4412 non
1003 4357 1158 4412 senserint.
1178 4357 1215 4410 In
1243 4375 1302 4426 quo
1320 4357 1352 4410 hi
1385 4364 1445 4411 tres

168 4443 325 4512 scriptores
344 4449 374 4495 at
392 4443 498 4500 Livius
517 4444 638 4499 omnino
657 4443 719 4499 fere
738 4464 755 4500 a
775 4446 914 4500 Coeliana
934 4447 1105 4501 narratione
1131 4446 1253 4500 distant.
1274 4446 1339 4512 Qua
1359 4446 1394 4500 de
1414 4465 1445 4500 re

168 4530 236 4586 vide
255 4530 414 4603 Sanamem,
434 4551 460 4604 p.
481 4535 524 4587 20.

238 4619 278 4694 (2)
296 4620 407 4692 Naum,
425 4623 467 4676 De
485 4623 516 4676 L.
539 4623 630 4677 Coelio
648 4625 800 4693 Antipatro
828 4627 960 4687 liistmico
983 4627 1049 4678 belli
1073 4625 1146 4679 Pun.
1169 4641 1221 4680 sec.
1241 4625 1273 4678 in
1292 4627 1445 4680 annalibus

167 4709 331 4764 academiae
349 4709 721 4782 Lugdunensis-Balaam,
740 4731 765 4768 a.
787 4713 911 4785 1820-21,
930 4731 957 4788 p.
972 4715 1013 4771 53.
