3778 5636
344 296 503 364 oblrnsos
519 291 547 359 r.
562 291 663 356 murts
678 309 705 358 t.
722 290 826 356 contio
841 291 1016 357 nnrrrn'rao
1034 291 1175 356 lucrosa
1191 309 1265 355 usus
1281 306 1326 354 sir
1386 287 1430 353 35

198 527 810 614 causapi·ate1·miserant
853 526 1135 612 scriptores
1175 545 1356 610 ponere
1391 545 1474 609 pro

198 643 334 699 certo
373 638 420 699 sit
443 635 586 698 veritus.
611 633 713 697 Haud
748 632 851 698 dubie
875 655 917 697 ex
940 633 984 696 iis
1007 632 1087 696 Liv.
1112 631 1229 696 verbis
1264 631 1473 718 perspicitur

197 743 339 806 Livium
362 743 405 806 ad
428 741 591 806 historias
616 739 875 826 perscribendas
899 747 934 804 et
957 738 1000 802 ad
1024 747 1131 802 artem
1166 739 1332 822 criticam,
1372 759 1472 822 quam

197 857 332 933 vocant,
356 845 577 912 exercendam
601 847 818 932 aptissimum
842 845 963 911 fuisse.

286 954 335 1019 Ut
347 955 446 1019 brevi
458 955 698 1042 perstringam,
712 975 753 1017 ex
766 951 963 1038 insignibus
975 953 1136 1017 Liuianis
1149 953 1247 1036 locis,
1259 951 1320 1015 ubi
1333 951 1472 1016 Coelius

198 1061 325 1126 diserte
350 1061 519 1144 laudetur,
544 1081 626 1124 sane
650 1061 819 1147 planeque
843 1059 991 1123 efficitur
1016 1059 1246 1145 Antipatrum,
1265 1057 1355 1142 quod
1378 1081 1398 1122 a
1421 1080 1473 1122 oe·

198 1171 281 1233 teris
300 1167 511 1254 scrptoribus
529 1166 740 1253 discreparet
754 1174 765 1246 t
778 1188 830 1252 ap.
844 1167 917 1231 Pet.
931 1165 973 1230 fr.
990 1167 1040 1250 14,
1060 1166 1111 1250 1'1',
1127 1166 1241 1250 28,29,
1257 1166 1310 1250 33,
1327 1167 1381 1250 40,
1398 1168 1439 1230 42
1453 1178 1472 1250 ),
1502 1173 1504 1178 ’

197 1285 257 1340 aut
280 1275 370 1361 quod
394 1276 430 1338 iu
453 1275 677 1358 magistratus
702 1274 839 1338 nomine
867 1282 995 1337 erraret
1018 1278 1095 1359 (ap.
1118 1274 1191 1338 Pet.
1217 1272 1421 1357 f1·.21),aut
1444 1297 1474 1336 e-

197 1384 281 1446 tiam
294 1379 384 1466 quod
400 1402 512 1444 rerum
525 1389 665 1444 naturae
679 1379 721 1443 ab
735 1381 810 1465 ipso
823 1380 992 1444 Patavino
1006 1385 1172 1465 scrtptore
1186 1377 1227 1442 de
1244 1379 1418 1443 industria
1431 1402 1473 1444 ex

197 1491 349 1576 ploratus
389 1493 598 1574 repugnaret
623 1489 701 1574 (ap.
726 1487 798 1551 Pet.
824 1486 867 1551 fr.
881 1486 955 1570 18),
968 1493 1027 1550 aut
1041 1485 1132 1570 quod
1145 1507 1198 1549 res
1216 1487 1473 1551 immoderatius

198 1603 341 1680 augeret
362 1598 429 1681 (ap.
453 1595 527 1658 Pet.
550 1592 593 1684 tr.
618 1594 675 1678 39)
699 1592 835 1658 aLivio
859 1600 1158 1658 commemoratum
1175 1615 1259 1658 esse.
1271 1594 1348 1658 Hoc
1360 1603 1473 1658 tamen

198 1703 517 1766 commemoratione
541 1699 684 1785 dignum
707 1721 839 1784 censeo,
852 1701 1005 1786 Livium,
1022 1701 1126 1764 etiam
1149 1722 1226 1764 cum
1241 1699 1283 1764 ab
1297 1702 1371 1764 eius
1397 1724 1471 1765 sen·

197 1811 306 1874 tentia
330 1808 524 1892 recedit(l),
548 1829 722 1892 nunquam
745 1815 859 1871 tamen
883 1815 978 1872 tanto
992 1829 1067 1871 oum
1085 1803 1238 1892 fastidio,
1251 1817 1377 1894 quanto
1402 1831 1471 1892 eg.

197 1917 374 1983 Valerium
398 1915 584 1999 Antiatem,
610 1936 687 1978 eum
710 1915 914 1999 nominasse,
929 1915 988 1979 sed
1001 1937 1135 2002 semper
1151 1917 1234 1980 satis
1249 1915 1472 1981 honorificam

197 2024 238 2088 de
261 2045 301 2088 eo
325 2025 533 2087 mentionem
547 2022 681 2087 fecisse
704 2025 781 2108 (ap.
804 2021 878 2086 Pet.
903 2021 945 2087 fr.
972 2023 1115 2107 14,17),
1140 2024 1282 2108 eiusque
1310 2026 1473 2088 narratio-

196 2131 389 2195 nemcertis
414 2130 627 2213 argumentis
649 2131 725 2215 (ap.
750 2129 824 2194 Pet.
848 2128 891 2194 fr.
918 2128 970 2214 18,
985 2130 1051 2214 21)
1075 2129 1245 2194 refutasse
1267 2131 1321 2214 (2).

197 2331 407 2340 --—-

267 2452 307 2523 (1)
326 2450 426 2505 Naum
446 2450 716 2524 (p.17),Mnurzru
729 2450 777 2523 (p.
787 2451 852 2524 46),
874 2449 911 2505 H.
926 2450 1024 2504 Persa
1036 2449 1083 2524 (p.
1095 2449 1268 2525 CCXXVI).

267 2542 307 2614 (2)
317 2540 360 2595 Ut
370 2541 448 2594 inter
458 2557 559 2595 omnes
569 2547 694 2610 constat,
706 2541 812 2596 Livius
825 2547 960 2596 auctores
973 2559 1041 2596 suos
1060 2541 1177 2612 saepius
1190 2542 1299 2596 acriter
1311 2541 1430 2611 quidem
1441 2551 1473 2596 at

196 2631 302 2685 merito
312 2631 446 2686 refellere
456 2631 562 2685 solitus
580 2638 633 2684 est.
652 2630 829 2685 Rectissime
848 2631 1064 2701 enim,praeter
1082 2631 1115 2684 L.
1135 2630 1268 2686 Coelium
1277 2633 1472 2702 Antipatrum

196 2730 226 2773 et
246 2719 398 2774 Valerium
417 2720 581 2790 Antiatem,
601 2721 633 2773 L.
653 2720 849 2790 Calpurnium
868 2719 1015 2790 Pisonem,
1035 2720 1171 2776 Clodium
1190 2721 1351 2790 Licinium,
1361 2723 1393 2775 L.
1405 2723 1472 2775 Uin·

196 2809 276 2862 cium
294 2810 491 2880 Alimentum,
510 2809 728 2881 Polybiumque
747 2809 945 2881 reprehendit,
965 2811 1125 2865 eorundem
1145 2811 1366 2878 neglegentiam
1385 2813 1470 2865 edou-

196 2905 243 2952 sat
261 2915 433 2968 erroresque
452 2905 544 2953 notat.
564 2899 611 2952 Ad
630 2917 692 2953 rem
711 2899 888 2953 firmandam
907 2917 1002 2970 pauca
1021 2900 1156 2970 exempla
1172 2901 1361 2968 collegamus:
1392 2901 1473 2956 Piso-

197 3005 273 3058 nem,
292 3005 379 3058 quem
399 2987 459 3059 (X,
478 2989 515 3060 9)
537 2991 712 3041 uetustiorem
733 2989 885 3042 athaulium
904 2999 1048 3042 auctorem
1073 2989 1123 3042 ille
1143 2989 1174 3042 in
1194 2989 1327 3043 historiis
1350 2992 1473 3060 perscri-

196 3077 300 3130 bendis
319 3076 445 3148 scriptor
463 3077 647 3132 clarissimus
667 3078 748 3147 dicit,
768 3077 812 3131 ita
840 3077 950 3151 (I,44·)
969 3078 1132 3150 vituperat:
1153 3079 1243 3134 «Hos
1262 3080 1397 3134 consules
1411 3121 1416 3133 .
1429 3121 1435 3134 .
1447 3121 1471 3134 ..

195 3167 265 3220 Piso
283 3167 427 3235 suggerit.
446 3167 628 3222 Memoriana
647 3167 761 3235 fugerit
781 3168 812 3221 in
832 3169 992 3223 annalibus
1012 3169 1190 3239 digerendis,
1203 3187 1242 3222 an
1261 3171 1397 3224 consulto
1429 3171 1471 3224 bi-

196 3274 249 3310 nos
267 3257 411 3326 eonsules,
430 3257 522 3312 falsos
541 3265 625 3311 ratus
644 3258 870 3328 transcenderit,
891 3258 1039 3313 incertum
1058 3267 1103 3313 est
1118 3280 1140 3312 a.
1159 3259 1259 3329 Atque
1278 3259 1414 3313 Clodium
1425 3259 1472 3312 Li·

130 3398 135 3408 ,
195 3344 318 3414 oinium,
337 3345 445 3416 qqupc
464 3345 516 3416 qui
535 3346 670 3416 propriae
690 3347 824 3401 familiae
842 3347 962 3402 laudem
982 3335 1130 3417 tribuerit,
1150 3347 1291 3403 leviorem
1320 3355 1471 3402 auctorem

195 3434 270 3488 t'acit
289 3434 434 3508 (v11,s);
454 3452 508 3490 nec
526 3435 558 3489 L.
579 3435 715 3490 Cincium
734 3437 930 3506 Alimentum,
949 3436 1124 3504 diligentem
1135 3444 1396 3492 monumentorum
1406 3455 1472 3491 auo-

195 3531 289 3578 torem
317 3523 406 3596 (VII,
424 3524 471 3598 3),
481 3524 532 3594 qui
552 3526 642 3580 semel
662 3526 832 3581 confuderit
851 3525 1093 3596 numerum,sine
1112 3525 1192 3581 omni
1207 3526 1357 3597 vituperio
1371 3527 1471 3580 dimit-

194 3614 241 3667 tit.
261 3615 360 3683 Atque
391 3613 483 3668 etiam
511 3615 609 3685 ipsum
639 3615 812 3688 Polybium,
841 3633 924 3686 quom
953 3633 1009 3668 non
1040 3619 1179 3668 incertum
1213 3625 1376 3679 auctorem,
1405 3635 1470 3670 cuia

194 3705 323 3756 onmium
342 3704 539 3757 Romanorum
557 3722 675 3768 rerunt,
695 3715 755 3758 tuot
773 3708 928 3775 praecipue
948 3709 978 3758 in
1000 3705 1120 3758 Graecia
1137 3715 1283 3775 pestutum
1308 3705 1470 3778 (XXXIII,

196 3793 247 3864 10,
275 3793 313 3848 cl'.
341 3793 440 3848 etiam.
471 3793 581 3864 XXX,
611 3795 665 3865 45,
696 3795 854 3864 XXXIII,
887 3795 938 3865 105
969 3793 1123 3864 XXXIV,
1151 3796 1202 3865 50,
1233 3793 1390 3865 XXXIX,
1419 3797 1471 3867 19;

195 3883 296 3954 XLV,
323 3885 388 3957 45)
415 3885 531 3954 habuit,
563 3902 779 3956 nonnunquam
812 3885 960 3939 incertum
989 3883 1076 3938 duxit
1115 3891 1146 3938 ot
1175 3901 1251 3955 quae
1282 3885 1333 3940 ille
1363 3902 1471 3940 memo-

195 3973 256 4027 riae
286 3974 418 4044 prodidit
448 3974 480 4028 in
511 3974 635 4029 dubium
666 3975 786 4030 vocavit
817 3973 999 4047 (XXXIX,
1018 3975 1085 4047 52).
1117 3974 1246 4044 Verum,
1278 3980 1312 4028 ut
1343 3974 1471 4028 iustissi-

195 4081 258 4118 mas
285 4065 365 4120 Livii
397 4065 639 4136 reprehensiones
667 4082 729 4119 esse
748 4065 905 4119 fatendum
924 4073 977 4134 est,
997 4065 1039 4119 sic
1059 4071 1131 4118 sunt
1158 4065 1218 4135 qui,
1247 4071 1282 4119 ut
1321 4065 1470 4136 diximus,

194 4156 271 4224 quod
292 4155 404 4226 ipsein
435 4156 504 4209 aliis
536 4156 766 4226 reprehenderit,
798 4156 829 4208 in
861 4173 894 4210 eo
922 4156 985 4226 ipso
1016 4157 1202 4224 arguendum
1232 4155 1372 4210 iudicent:
1401 4157 1468 4210 ‹lili-

193 4227 299 4312 gentis¹
315 4247 440 4300 minima
458 4266 492 4302 ac
513 4248 596 4314 nulla
616 4247 730 4301 ratione
748 4247 872 4301 annales
891 4247 1057 4316 digessisse,
1081 4246 1180 4318 inepte
1199 4246 1392 4317 perlongum
1424 4265 1470 4300 oa·

194 4339 291 4409 pitum
310 4345 364 4392 aut
383 4339 528 4393 librorum
547 4339 681 4392 ordinem
700 4355 794 4392 unum
813 4339 860 4393 vel
875 4339 1002 4392 alterum
1021 4343 1172 4392 auctorem
1192 4337 1379 4408 potissimum
1407 4355 1470 4408 per-

194 4435 328 4483 secutum
348 4446 419 4498 esse,
438 4429 565 4500 denique
585 4428 695 4484 iudicio
714 4434 767 4482 aut
786 4435 850 4484 arte
869 4429 974 4483 critica
993 4429 1003 4500 (
1028 4429 1095 4482 tita
1108 4429 1217 4501 dicam)
1229 4427 1469 4499 penituscaruis-

194 4541 223 4576 se
238 4522 429 4592 historiisque
453 4520 672 4578 conscribendis
698 4520 832 4592 ineptum
843 4521 943 4576 fuisse.
964 4521 1097 4588 Quorum
1120 4518 1360 4591 reprehensiones
1379 4536 1468 4588 quam

194 4613 323 4670 iniustae
356 4615 530 4690 statuente
561 4621 603 4670 est
633 4614 707 4686 quin
737 4612 845 4670 videat.
877 4613 1011 4688 Namque
1040 4613 1071 4668 in'
1099 4613 1179 4674 omui
1199 4613 1279 4670 Livii
1298 4614 1468 4668 narratione
