3778 5636
364 295 525 362 coeranus
542 305 568 358 r.
585 307 684 357 uvius
700 315 728 358 L.
745 295 848 357 conire
865 313 1040 357 surrrarao
1056 313 1195 356 sacrorn
1212 313 1285 354 usus
1301 303 1345 354 sir
1406 285 1448 352 23

214 527 299 593 alibi
324 527 479 593 fontibus
504 533 631 592 temere
655 549 694 591 ac
718 528 814 591 nulla
830 527 962 591 ratione
978 525 1135 610 hausisse
1153 531 1322 609 censeant,
1340 526 1440 590 novis
1458 529 1492 588 et

213 635 321 699 firmis
346 636 558 719 argumentis
584 634 762 718 refutavit3
788 635 870 719 quin
895 635 999 698 etiam
1023 655 1188 719 quaenam
1207 632 1314 698 fuerit
1329 634 1427 697 Livii
1444 655 1493 696 ra-

213 744 264 807 tio
296 744 332 806 in
368 742 523 807 fontibus
560 740 740 807 laudandis
769 749 804 806 et
831 739 1035 806 adhibendis
1072 747 1171 806 acuto
1206 741 1335 806 iudicio
1370 743 1493 805 statuit

213 856 316 936 atque
332 851 522 946 proposuit.
536 850 588 915 Ac
601 872 681 915 sane
694 871 756 915 nos
769 851 805 914 in
818 849 882 914 hac
895 871 930 913 re
943 848 1034 914 hunc
1046 851 1162 914 virum
1178 849 1316 914 doctum
1331 849 1493 935 perstric-

249 1211 341 1280 Quod,
362 1216 396 1263 ut
415 1211 500 1266 novis
520 1209 698 1264 testimoniis
718 1209 934 1280 confirmemus,
954 1210 1027 1265 alios
1047 1211 1133 1280 locos,
1152 1227 1188 1264 ex
1209 1209 1332 1279 reliquis
1353 1209 1433 1266 Livii
1457 1210 1491 1264 li-

213 1300 274 1354 bris
294 1299 382 1373 [Ι-Χ,
402 1299 629 1374 XXXI-XLV]
649 1305 810 1370 excerptos,
830 1299 878 1354 hic
898 1307 1029 1372 praestat
1049 1300 1164 1354 afferre:
1192 1372 1201 1393 ι

212 1479 276 1535 Liv.
297 1479 320 1550 1,
333 1479 375 1533 al.
555 1481 700 1535 Auctores
713 1487 839 1550 utroquo
872 1480 1037 1552 trahunt3
1062 1482 1185 1551 plures
1206 1487 1305 1536 tamon
1321 1481 1490 1552 invenio...;

550 1571 612 1624 hos
640 1577 679 1623 ut
707 1587 844 1641 sequar,
869 1571 1050 1625 inclinat
1079 1571 1242 1626 animuS.

294 1660 374 1729 1,55.
548 1659 591 1714 Eo
609 1660 706 1728 magis
724 1659 869 1715 Fabio...
894 1661 1114 1732 crediderim....,
1133 1679 1223 1731 quam
1242 1660 1378 1716 Pisoni.

295 1750 390 1820 11,1a
546 1749 635 1820 Apud
653 1750 869 1806 veterrimos
889 1757 989 1804 tamen
1008 1756 1194 1806 auctores.
1211 1791 1217 1804 .
1232 1791 1259 1806 ..

294 1840 334 1910 ΙΙ,
346 1841 389 1892 21.
544 1839 633 1910 Apud
652 1840 824 1909 quosdam
848 1841 975 1895 invenio.

295 1929 389 2000 [atu.
545 1927 666 1984 Invidia
685 1929 727 1984 roi
741 1946 912 2000 oppressum
926 1930 1036 2001 perisse
1065 1931 1216 1984 tradunt
1245 1931 1310 1986 alii
1339 1932 1398 1986 olio
1423 1933 1490 1986 lete.

550 2019 639 2090 Apud
657 2017 820 2090 Fabium,
845 2020 931 2087 longe
954 2021 1198 2091 antiquissimum
1218 2027 1378 2092 auctorem,
1398 2040 1491 2092 usque

550 2109 587 2161 ad
606 2115 789 2164 senectutem
807 2108 918 2165 vixisse
937 2111 1063 2165 eundem
1083 2111 1246 2166 invenio.

295 2197 407 2252 mna
552 2197 640 2268 Apud
662 2198 853 2268 plerosque
885 2205 1050 2254 auctores
1077 2200 1249 2256 invenies..
1279 2208 1418 2254 certum
1438 2201 1491 2254 ad-

550 2287 705 2358 firmare,
729 2287 814 2357 quia
839 2289 940 2342 nulla
968 2289 1061 2358 apud
1086 2289 1309 2345 vetustiores
1333 2289 1411 2343 eius
1439 2291 1490 2344 rei

551 2376 687 2431 mentio
718 2384 781 2447 est,
801 2395 868 2431 non
892 2378 1021 2432 ausim.

294 2467 350 2538 ΙΙΙ,
363 2468 405 2521 26.
551 2465 608 2521 Seu
628 2465 753 2522 fortasse
778 2465 939 2537 fodiens....‚
958 2485 1010 2523 seu
1029 2486 1097 2522 cum
1122 2475 1229 2540 araret,
1248 2469 1328 2539 operi
1355 2474 1442 2540 certe,
1461 2469 1491 2523 id

550 2557 628 2626 quod
647 2563 803 2626 constat,
818 2550 933 2623 'agresti
954 2556 1097 2612 intentus.

294 2648 346 2719 IV,
359 2648 383 2702 7.
545 2647 638 2717 quue
657 2647 842 2702 monumenti
862 2653 907 2702 est
934 2649 1069 2703 consules
1093 2663 1143 2714 eos
1165 2649 1209 2702 illi
1236 2667 1313 2702 anno
1334 2649 1489 2703 fuisse...

548 2736 714 2790 Licinius
738 2735 873 2790 Macer
892 2743 995 2791 auctor
1013 2745 1065 2790 est.

294 2827 402 2897 luno.
548 2825 668 2880 Omnis
692 2833 776 2880 ante
799 2843 850 2880 me
874 2832 1041 2881 auctores
1067 2835 1240 2882 secutus...
1267 2829 1325 2894 Qui
1349 2829 1427 2882 sica
1459 2829 1490 2882 in

551 2933 581 2971 re
601 2917 641 2971 sit
659 2933 749 2986 error,
778 2917 855 2986 quod
885 2924 948 2976 ,tam
979 2925 1122 2973 veteres
1158 2920 1322 2988 annales,
1354 2920 1490 2989 quodque

550 3006 832 3074 magistratuum
856 3006 958 3075 libri,
978 3023 1051 3075 quos
1076 3007 1182 3062 linteos
1202 3008 1234 3061 in
1253 3009 1324 3062 aede
1348 3009 1490 3080 repositos

550 3096 686 3151 Monetae
705 3095 818 3151 Macer
842 3096 1007 3150 Licinius
1031 3097 1103 3150 citat
1125 3097 1287 3152 identidem
1311 3105 1490 3153 auctores.

545 3186 635 3256 Apud
665 3184 823 3238 Macrum
852 3185 1033 3239 Licinium
1066 3186 1193 3242 invenio.
1226 3185 1397 3241 Valerius
1421 3188 1490 3240 An-

550 3275 621 3329 tias
645 3280 674 3330 et
694 3275 730 3341 Q.
752 3275 945 3334 Tubero...
966 3277 1067 3330 edunt.
1082 3275 1220 3329 (laterum
1235 3276 1266 3329 in
1282 3283 1342 3329 tam
1357 3276 1491 3330 discre-

550 3371 658 3436 pante
681 3365 842 3419 editione
861 3372 891 3419 ot
916 3365 1058 3420 Tubero
1077 3373 1106 3420 et
1137 3365 1254 3420 Macer
1279 3366 1394 3420 libros
1426 3366 1491 3419 lin·

549 3465 624 3510 teos
643 3463 777 3509 auctores
796 3455 982 3525 p1·ofitentu1·;
1002 3463 1106 3509 neuter
1137 3455 1274 3510 tribunos
1302 3456 1433 3509 militum
1457 3474 1490 3510 eo

548 3563 627 3599 anno
641 3545 734 3599 fuisse
748 3545 892 3598 traditum
907 3563 923 3597 a
937 3544 1199 3614 scrirptoribus
1213 3545 1345 3615 antiquis
1356 3544 1491 3598 dissimu-

554 3637 604 3690 lat.
636 3634 780 3689 Licinio
811 3635 925 3689 libros
950 3634 1042 3688 haud
1076 3634 1184 3689 dubie
1217 3635 1320 3704 sequi
1352 3635 1490 3688 linteos

549 3727 680 3797 placet3
704 3733 738 3780 et
757 3725 897 3780 Tubero
922 3725 1085 3778 incertus
1111 3725 1186 3780 veri
1211 3731 1278 3778 est.
1306 3723 1371 3778 Sed
1395 3724 1490 3778 inter

549 3823 668 3872 cetera
701 3822 887 3872 vetustate
929 3814 1145 3884 inconperta
1182 3815 1245 3867 hoc
1288 3831 1427 3882 quoquc
1458 3815 1488 3866 in

550 3905 692 3960 incerto
716 3905 887 3976 positum.

556 3995 640 4062 Quod
672 4013 764 4065 quum
796 3995 832 4048 ab
865 3995 1028 4064 antiquis
1066 3995 1218 4048 tacitum
1256 3993 1490 4064 praetermis-

550 4103 696 4154 sumque
722 4086 759 4138 sit
759 4121 805 4138 ......

554 4177 667 4230 Auctor
686 4183 731 4229 est
750 4174 979 4228 Claudius...
1000 4174 1172 4228 Pluribus
1197 4173 1410 4228 arroteribus
1430 4191 1490 4226 nru-

548 4267 594 4332 pis
613 4267 750 4322 adducor.
1413 4325 1415 4331 ,

554 4358 646 4410 (lura
672 4375 738 4411 non
763 4357 916 4426 deesset,
941 4357 969 4409 si
994 4375 1062 4426 qua
1086 4357 1128 4410 ad
1152 4374 1274 4412 verum
1293 4355 1350 4411 viu
1370 4355 1489 4423 inqui-

552 4454 687 4500 rentem
712 4449 842 4516 i'erret,
869 4465 960 4501 nuuc
985 4449 1080 4500 fania
1112 4465 1227 4500 rerum
1257 4447 1398 4499 stadum
1423 4451 1488 4512 est,

554 4539 613 4592 ubi
638 4545 772 4592 certant
797 4538 947 4605 derogat
972 4545 1136 4592 vestutas
1160 4539 1274 4590 iidem.
1385 4528 1388 4536 ’

545 4629 601 4684 Per
620 4629 776 4684 onirnum
799 4627 984 4682 rannaliurn
1005 4633 1274 4702 monumenta...
