3778 5636
356 401 516 453 QUATENUS
532 401 558 446 Τ.
575 401 674 446 miuus
690 401 716 446 L.
733 401 838 446 COELIO
854 400 1028 448 ANTIPATRO
1045 400 1184 448 AUCTORE
1200 401 1273 444 USUS
1290 399 1334 443 su·
1395 377 1438 444 29

209 619 332 684 simum
355 618 453 702 addo,
478 639 543 704 quo
578 641 631 684 me
667 619 945 684 confirmaturum
980 639 1055 682 esse
1092 635 1190 704 spero
1226 614 1384 680 Coelium
1417 613 1483 679 hoc

208 728 281 792 loco
316 748 384 792 nou
407 747 482 791 esse
518 727 628 792 solum
651 726 749 790 Livii
784 732 967 792 auctorem.
998 725 1074 810 Ego
1100 721 1237 810 quidem
1273 745 1314 787 ex
1353 721 1482 787 eisdem

206 835 366 900 Liuianis
391 834 508 900 verbis
534 832 658 918 [ibic]
687 840 941 921 ucctqrum
975 835 1047 897 ita
1084 832 1207 897 fama
1243 830 1305 915 [de
1341 831 1482 896 Marcel·

207 944 234 1007 li
257 943 390 1034 morte]
415 943 605 1026 variat,
639 949 689 1006 ut
723 925 880 1006 tam'en
905 941 1139 1027 plerique
1179 940 1279 1004 loci
1316 958 1480 1023 specu·

207 1035 345 1114 laudi
391 1031 537 1115 causa
583 1051 774 1114 castris
822 1069 1101 1134 egressum,
1147 1070 1310 1114 omnes
1358 1046 1483 1110 insi·

207 1157 308 1222 diis
348 1159 740 1224 circumventum
775 1156 1016 1222 tradanta
1044 1155 1249 1220 censendum
1285 1176 1359 1248 esse
1398 1159 1480 1240 puto

206 1266 359 1349 Livium,
383 1264 541 1330 omnibus
576 1265 773 1330 auctoribus
809 1265 1022 1346 examinatis,
1058 1285 1260 1328 consensum
1284 1285 1323 1328 ac
1357 1261 1484 1326 discre-

207 1373 359 1458 pantiam
383 1393 496 1438 rerum
519 1371 752 1458 perpendisse,
779 1371 963 1456 scriptores
989 1371 1098 1453 igitur
1111 1392 1226 1435 omnes
1241 1371 1311 1434 acri
1327 1368 1483 1434 adhibito

207 1480 388 1545 iudiciuin
413 1499 508 1543 suam
532 1501 604 1542 rem
627 1499 779 1544 vocasse.

294 1587 323 1653 F
336 1609 385 1651 ra
398 1609 421 1672 g
434 1637 440 1651 .
465 1587 509 1650 40
530 1585 634 1666 (Liv.
647 1585 787 1669 XXIX,
801 1586 854 1669 27,
870 1585 911 1649 14
924 1589 934 1667 )
947 1610 962 1646 u
981 1586 1186 1670 Prosperam
1221 1584 1479 1668 navigationem

207 1695 281 1758 sine
304 1700 434 1758 terrore
459 1715 497 1758 ao
520 1694 672 1758 tumultu
696 1693 805 1758 fuisse
822 1691 1002 1779 permultis
1016 1693 1158 1757 Graecis
1184 1692 1390 1775 Latinisque
1408 1711 1482 1754 auo·

206 1801 339 1866 toribus
364 1800 495 1866 credidi
516 1802 570 1885 (1).
595 1800 800 1867 Coelius
836 1822 983 1883 unus,
1018 1806 1258 1886 praeterquam
1296 1798 1386 1884 quod
1415 1819 1482 1861 non

204 1931 333 1974 mersas
357 1908 520 1974 fluctibus
547 1931 651 1973 naves
676 1914 807 1973 ceteros
832 1908 942 1972 omnis
960 1908 1119 1974 caelestis
1136 1908 1395 1991 maritimosque
1412 1912 1479 1970 ter·

205 2017 303 2098 roris,
332 2021 504 2102 postremo
529 2015 704 2101 abreptam
728 2020 931 2102 tempestate
955 2013 997 2080 ab
1022 2013 1142 2080 Africa
1166 2015 1310 2080 classem
1323 2013 1365 2078 ad
1390 2014 1483 2076 insu·

205 2125 273 2188 lam
296 2122 534 2209 Aegimurum,
558 2123 637 2188 iude
661 2145 764 2208 aegre
788 2130 978 2188 correctum
1002 2144 1139 2188 cursum
1162 2121 1314 2208 exponit,
1343 2126 1378 2185 et
1406 2141 1482 2208 pro·

204 2253 247 2316 pe
271 2230 403 2296 obrutis
438 2229 586 2295 navibus
610 2231 745 2294 iniussu
770 2230 986 2316 imperatoris
1012 2228 1148 2314 scaphis
1165 2227 1257 2292 haud
1271 2249 1367 2292 secus
1382 2249 1483 2313 quam

204 2338 401 2422 naufragos
413 2338 542 2402 milites
567 2337 641 2401 sine
666 2338 769 2402 armis
794 2358 871 2400 cum
894 2337 1030 2420 ingenti
1054 2336 1265 2400 tumultuin
1289 2341 1416 2400 terram
1451 2357 1482 2398 e-

204 2446 337 2510 vasisse
357 2469 384 2510 n.

293 2552 347 2618 Ex
370 2557 443 2617 toto
466 2550 617 2618 Liviano
641 2554 727 2635 loco,
752 2553 782 2616 si
807 2551 891 2636 quid
914 2551 1027 2635 vidae,
1053 2551 1209 2617 Coelium
1232 2573 1252 2616 a
1274 2551 1380 2616 Livio
1412 2549 1480 2614 lau·

205 2657 321 2722 datum
345 2681 420 2722 esse
444 2680 494 2742 eo,
509 2658 600 2744 quod
623 2659 697 2724 eius
723 2658 814 2724 fama
838 2681 857 2723 a
880 2660 1003 2724 ceteris
1028 2656 1480 2744 abhorreretscriptoribuS,

205 2771 354 2851 apparet.
369 2765 509 2830 Coelius
533 2771 657 2851 autem,
681 2772 721 2831 ut
744 2767 936 2831 rectissime
961 2765 1207 2830 animadvertit
1232 2765 1264 2831 C.
1289 2765 1416 2831 Pascal
1427 2765 1481 2847 (2),

207 2897 221 2932 c
242 2872 284 2937 ad
307 2873 429 2936 miram
453 2872 715 2958 amplitudinem
733 2874 829 2938 auxit
845 2873 997 2958 aliquam
1023 2873 1239 2959 tempestatis
1263 2872 1482 2954 mentionem,

205 3001 306 3064 quam
330 2979 419 3064 apud
444 2978 609 3064 quosdam
632 2980 818 3066 scriptores
842 2980 987 3044 invenit.
1012 2978 1045 3044 Ii
1069 2979 1216 3044 fortasse
1241 2983 1321 3042 sunt
1338 2979 1480 3064 scripto-

205 3108 270 3169 res,
294 3108 378 3171 quos
415 3091 551 3152 secutus
575 3093 629 3151 est
663 3086 853 3173 Appianas,
878 3087 968 3152 Pura.
995 3086 1036 3150 13
1070 3085 1270 3168 (vimis),
1296 3086 1354 3170 qui
1387 3086 1483 3150 illam

203 3193 240 3256 in
265 3190 421 3257 Africam
444 3194 682 3258 traiectionem
698 3215 851 3275 narrans,
876 3193 917 3258 de
956 3198 1159 3280 tempestate
1194 3192 1321 3256 leviter
1357 3193 1480 3275 tangit,

203 3298 259 3363 his
294 3304 428 3364 tantum
451 3299 580 3365 verbis:
607 3297 734 3373 ra‘tv
762 3297 909 3386 [Ἰτύκην
938 3299 1049 3384 πόλιν]
1077 3303 1092 3361 ὁ
1128 3299 1262 3388 Saralos
1300 3297 1482 3386 κατκχὲεἱς

206 3404 392 3493 ὑπ’ἀνέμων.
409 3408 426 3438 ”
443 3431 458 3467 n

293 3511 418 3598 Atque,
442 3519 481 3578 ut
504 3515 618 3579 omnia
641 3513 829 3598 absolvam,
853 3514 897 3578 ad
931 3514 1022 3578 huno
1055 3513 1242 3577 Livianum
1259 3513 1371 3577 locum
1389 3512 1482 3576 rreu-

204 3640 264 3684 zer·
297 3621 409 3706 (pm)
443 3620 533 3686 illud
568 3620 800 3706 fragmentum
832 3621 963 3705 retulit,
981 3619 1072 3706 quod
1096 3626 1148 3684 est
1171 3618 1262 3706 apud
1286 3619 1373 3685 Nou.
1399 3643 1425 3684 s.
1450 3641 1482 3684 v.

207 3783 418 3791 ———-

274 3883 314 3956 (1)
333 3885 417 3940 Licet
435 3886 527 3940 etiam
546 3904 581 3940 ex
600 3885 648 3940 his
667 3885 767 3942 vorbis
781 3893 881 3956 pateat
900 3885 1022 3940 Livium
1041 3885 1222 3940 Graecorum
1244 3885 1480 3954 Latinorumque

203 3979 359 4027 auctorum
378 3975 501 4028 annales
520 3974 688 4045 perlegisse,
708 3981 808 4029 tamen
827 3975 859 4028 hi
878 3975 1065 4046 perinsignes
1083 3974 1139 4028 loci
1159 3981 1230 4028 sunt
1249 3973 1402 4029 afferendi:

267 4061 332 4116 Liv.
423 4063 475 4132 IV,
488 4063 672 4118 20.0mnes
696 4071 780 4118 ante
804 4083 855 4119 me
879 4071 1046 4119 auctores
1070 4069 1276 4118 secutus...

410 4147 610 4222 V11‚21.Per
633 4153 789 4207 omnium
813 4153 999 4208 annalium
1022 4159 1313 4207 monumenta...

376 4241 713 4312 XXII,31.0mnium
736 4259 844 4314 prope
867 4241 1080 4298 annales...

364 4329 481 4402 XXIX,
495 4331 574 4386 50.A
597 4331 843 4403 scriptoribus
867 4349 984 4387 rerum
1007 4331 1154 4387 Graecis
1178 4330 1451 4401 Latinisque...

348 4418 481 4492 XXXII,
512 4420 668 4476 &Ceteri
688 4419 815 4476 Graeci
834 4420 1029 4491 Latinique
1049 4426 1228 4490 auctores,
1254 4411 1484 4490 quorumqui-

548 4510 624 4565 dem
647 4526 711 4578 ego
734 4509 807 4579 legi
831 4511 993 4564 annales.

370 4597 462 4669 XLV,
475 4599 517 4654 44.
528 4599 610 4654 Haec
623 4599 658 4653 de
670 4598 778 4653 Prusia
789 4599 903 4653 nostri
924 4599 1132 4670 scriptores.
1151 4597 1331 4670 Polybius
1351 4599 1481 4654 tradit.

276 4685 316 4760 (2)
335 4685 365 4740 G.
376 4685 497 4757 Pascua,
527 4688 738 4749 rQuaestiones
757 4686 907 4743 Ennianos
919 4708 942 4760 n,
962 4688 994 4742 in
1012 4706 1055 4762 op.
1076 4688 1163 4760 laud,
1182 4704 1209 4763 p.
1223 4687 1248 4744 6.
