3778 5636
438 635 561 700 metari
584 657 616 720 p.
640 633 683 698 37
705 635 782 720 (ap.
805 633 879 699 Pet.
904 633 946 699 fr.
970 633 1012 698 41
1026 637 1046 717 );
1072 632 1228 698 uOmnes
1254 633 1356 698 simul
1372 636 1499 697 terram
1510 653 1587 697 cum
1611 633 1715 697 classi

438 741 612 825 accedunt,
637 740 899 826 navibusatque
913 740 1048 828 scaphis
1073 741 1308 827 egrediuntur,
1333 745 1445 805 castra
1466 741 1586 805 metati
1615 741 1715 825 signa

439 857 604 915 statuunt.
624 875 639 910 a
659 851 795 916 Kcsslrr
805 851 851 932 (1)
862 849 928 915 hoc
944 849 1175 935 fragmeptum
1188 869 1264 912 cum
1276 848 1380 912 Livio
1394 847 1534 932 XXIX,
1547 848 1601 930 27,
1616 849 1656 911 13
1668 849 1713 927 (2)

439 965 474 1024 et
497 959 551 1041 28,
581 959 597 1022 1
621 959 666 1041 (3)
688 979 886 1044 comparans
915 957 998 1023 duas
1034 957 1076 1022 de
1104 955 1277 1042 Scipionis
1301 957 1337 1018 in
1361 954 1517 1020 Africam
1541 955 1713 1020 traiectio·

438 1089 481 1131 ne
505 1068 718 1131 narrationes
742 1073 777 1130 et
800 1088 918 1144 veram
941 1072 975 1130 et
998 1066 1113 1130 fictam
1126 1064 1283 1130 Coelium
1294 1063 1488 1150 prodidisse
1504 1063 1716 1148 Liviumque

438 1175 518 1238 illas
542 1175 791 1239 contaminasse
818 1179 943 1238 censet.
971 1171 1189 1237 Attamen—
1203 1176 1442 1258 praeterquam
1466 1170 1619 1255 quod,ut
1643 1171 1717 1235 ani·

437 1280 624 1346 madvertit
663 1280 843 1346 Sturortus
865 1283 909 1366 (p.
922 1281 987 1364 26),
1000 1279 1293 1344 verisimillimum
1305 1298 1379 1342 esse
1393 1285 1552 1364 putamus
1565 1278 1716 1343 Nonium

438 1389 669 1453 narrationem
692 1388 891 1454 Coelianum
913 1390 963 1452 ita
986 1389 1209 1468 contraxisse,
1233 1391 1272 1451 ut
1296 1408 1337 1450 ex
1361 1405 1401 1450 ec
1414 1385 1559 1450 nimium
1571 1385 1715 1469 collige·

438 1519 474 1560 re
498 1495 647 1582 hominis
671 1497 846 1562 temerarii
860 1497 1022 1580 sit-cur
1044 1493 1170 1559 Livius
1183 1493 1225 1558 de
1237 1493 1368 1578 duplici
1382 1491 1556 1579 Scipionis
1570 1493 1606 1556 in
1619 1491 1716 1558 Afri-

439 1625 512 1668 cam
535 1605 748 1670 traiectionis
772 1603 892 1670 ordine
914 1606 1048 1688 (quem,
1065 1608 1104 1666 ut
1116 1603 1247 1687 placuit
1273 1601 1442 1684 KesslerO,
1468 1601 1608 1666 Coelius
1644 1601 1715 1666 edi-

438 1710 570 1788 disset)
594 1713 724 1776 nullam
748 1711 832 1776 fecit
854 1708 1089 1775 mentionem?
1106 1707 1161 1772 An
1178 1706 1325 1772 fortasse
1340 1706 1466 1771 Livius
1484 1706 1525 1770 de
1542 1728 1635 1772 more
1653 1729 1714 1773 suo

437 1819 504 1897 (cf.
529 1817 572 1884 fr.
608 1823 705 1905 sup.)
737 1820 910 1905 triplicem
942 1823 1060 1902 gestae
1084 1816 1135 1880 rei
1163 1815 1328 1898 ordinem,
1357 1813 1400 1880 ab
1444 1813 1563 1880 ecdem
1594 1815 1713 1880 Coelio

439 1925 580 2010 editum,
604 1947 866 1992 commemorare
889 1923 1148 2012 praetermisit?

528 2033 673 2118 Frag.
698 2035 762 2098 33.
785 2033 911 2098 Livius
936 2031 1110 2115 XXVIII,
1127 2031 1180 2113 46,
1206 2030 1257 2114 14,
1283 2051 1369 2113 quae
1393 2029 1531 2094 Coelius
1556 2037 1591 2094 et
1614 2030 1715 2094 Vale*-

439 2141 511 2205 rius
535 2137 658 2204 Antias
682 2141 821 2206 diversa
842 2141 1026 2205 memoriae
1043 2119 1276 2226 prodidissent
1287 2142 1404 2222 aperte
1420 2135 1591 2201 distinxit:
1607 2163 1621 2198 u
1638 2137 1715 2202 Eis·

440 2247 516 2312 dem
539 2247 660 2312 diebus
678 2269 783 2313 naves
807 2249 983 2312 onerariae
1002 2247 1196 2311 Poenorum
1219 2244 1261 2310 ad
1285 2245 1461 2329 octoginta
1489 2245 1580 2309 circa
1604 2244 1717 2309 Sardi·

439 2356 531 2419 niam
570 2355 611 2420 ab
652 2355 712 2421 On.
752 2357 908 2439 Octavio,
944 2356 1003 2440 qui
1042 2353 1254 2440 prouinciae⁴
1279 2355 1436 2437 praeerat
1474 2357 1602 2437 captae.
1646 2351 1714 2416 Eas

440 2461 644 2526 Coelius
681 2461 853 2527 frumento
877 2463 983 2527 misso
1007 2461 1049 2525 ad
1073 2459 1304 2524 Hannibalem
1338 2463 1595 2543 commeatuque
1631 2481 1715 2524 onu-

440 2573 520 2651 stas,
544 2569 781 2633 Valerius
816 2567 976 2654 praedam
999 2568 1181 2632 Etruscam
1204 2565 1442 2650 Ligurumque
1466 2570 1501 2628 et
1539 2565 1715 2631 Montano·

440 2696 515 2738 rum
538 2676 694 2761 captivos
718 2674 964 2758 Carthaginem
987 2679 1162 2760 portantes
1187 2671 1293 2736 tradit
1308 2697 1336 2737 a.
1415 2703 1417 2714 v

528 2782 674 2866 Frag.
699 2783 763 2845 42.
788 2781 913 2844 Livius
931 2780 1070 2863 XXIX,
1094 2781 1147 2862 35,
1171 2781 1191 2843 2
1217 2801 1302 2864 quae
1327 2778 1466 2844 (loelius
1491 2785 1525 2844 et
1552 2779 1714 2846 llalerius

440 2886 563 2951 Antias
580 2892 807 2972 congruentes
821 2885 1046 2951 tradidissent
1079 2887 1222 2952 monuit:
1263 2911 1278 2947 ιι
1299 2886 1502 2951 Coelius
1527 2852 1665 2972 quidem
1681 2894 1716 2950 et

440 2995 677 3058 Valerius
713 3000 850 3079 captum
873 2994 977 3057 etiam
999 2994 1202 3058 Hannonem
1225 2993 1366 3058 tradunt
1385 3018 1412 3058 a.
1437 2994 1490 3057 Ex
1507 2993 1641 3060 duobus
1665 2996 1714 3059 lo-

441 3103 490 3165 cis
515 3099 750 3186 superioribus
776 3121 876 3184 quam
899 3099 1087 3184 diligenter
1109 3106 1264 3166 auctores
1290 3122 1368 3166 suos
1402 3101 1527 3166 Livius
1564 3101 1655 3166 inter
1679 3124 1715 3166 se

444 3207 638 3290 contulerit,
661 3205 845 3272 manifesto
869 3211 964 3293 patet
985 3207 1039 3289 (4).
1616 3193 1618 3196 ’

444 3389 644 3398 -.-.--—--

512 3509 552 3580 (1)
571 3509 714 3578 Kussuan,
734 3511 981 3580 Secundumquos
1011 3520 1139 3564 auctores
1157 3511 1256 3565 Liuius
1276 3530 1320 3566 res
1343 3530 1361 3564 u
1381 3513 1510 3580 Scipione
1527 3521 1619 3581 pestus
1651 3530 1717 3564 nur-

442 3601 557 3658 roucrit,
576 3599 663 3666 Dies,
682 3598 790 3667 Kiliae,
811 3599 887 3667 1878,
906 3617 932 3670 p.
952 3599 995 3653 27.

512 3687 551 3758 (2)
572 3688 642 3741 «Eo
662 3688 672 3758 (
686 3707 723 3742 sc.
744 3689 778 3741 ad
811 3688 932 3742 Pulchri
964 3690 1219 3762 promontorium)
1250 3691 1353 3744 classis
1385 3690 1525 3760 decurrit,
1557 3690 1716 3760 copiaeque

441 3794 541 3829 omnes
561 3777 592 3829 in
613 3784 722 3830 terram
742 3777 892 3847 expositae
912 3785 982 3831 sunt
997 3799 1021 3830 n.

511 3865 551 3934 (3)
572 3865 750 3935 aExpcsitis
770 3867 869 3936 copiis,
889 3867 1016 3920 Romani
1037 3875 1135 3921 castra
1155 3869 1186 3921 in
1200 3869 1343 3939 proximis
1369 3869 1494 3922 tumulis
1518 3875 1670 3923 metantur
1690 3891 1714 3924 s.

511 3953 551 4023 (4)
571 3954 724 4019 Quantum
743 3973 847 4024 operae
867 3956 1034 4026 laborisque
1053 3957 1085 4010 in
1104 3975 1209 4012 verum
1238 3957 1482 4026 investigandum
1511 3957 1715 4027 insumpserit,

441 4042 615 4112 neutiquam
635 4044 797 4098 ostentavit
815 4044 929 4113 Livius;
958 4051 1022 4098 tum
1042 4051 1160 4098 tanturn
1180 4046 1211 4100 in
1230 4047 1330 4100 dubiis
1349 4046 1437 4100 rebus
1457 4046 1615 4116 scriptores
1642 4064 1718 4100 ccm-

442 4132 618 4186 memoravit
637 4139 674 4201 et,
692 4133 799 4203 quippe
819 4133 869 4202 qui
890 4133 978 4188 fidem
997 4133 1142 4188 sinceram
1162 4135 1371 4206 integramque
1389 4153 1564 4190 conservare
1588 4133 1717 4205 expetie-

442 4219 490 4288 rit,
509 4220 544 4274 de
564 4239 644 4276 more
663 4238 716 4275 suc
738 4229 872 4275 auctores
891 4239 943 4292 pro
975 4223 1130 4292 reposuit.
1157 4223 1243 4294 (Qua
1262 4225 1298 4278 de
1319 4242 1350 4279 re
1369 4223 1437 4280 vide
1466 4241 1541 4292 quae
1560 4223 1649 4277 affert
1676 4223 1715 4276 H.

442 4307 574 4371 Coccum,
585 4310 616 4363 in
626 4328 729 4364 comm.
744 4311 793 4365 lib.
808 4311 822 4364 I
836 4311 867 4364 T.
893 4311 971 4365 Livii
991 4312 1159 4381 praemisso,
1180 4313 1256 4381 Aug.
1277 4313 1374 4382 Teura,
1394 4329 1438 4383 ap.
1458 4312 1495 4365 H.
1516 4312 1669 4380 Lcescher,
1683 4329 1715 4384 p.

442 4396 550 4452 X‘XIX
563 4417 604 4468 sq.
618 4405 648 4454 et
661 4399 690 4454 C.
701 4400 821 4468 Pascit,
834 4419 876 4469 cp.
889 4401 975 4470 laud,
988 4418 1014 4472 p.
1029 4401 1083 4472 72).
1095 4401 1188 4471 Quod,
1199 4408 1232 4456 ut
1242 4402 1466 4472 patefaciamus,
1476 4417 1575 4472 presse
1590 4407 1717 4456 attente·

443 4507 500 4560 que
518 4489 549 4542 hi
570 4489 683 4543 nobiles
702 4490 757 4544 loci
777 4497 848 4543 suut
867 4490 1081 4546 considerandi:

443 4596 508 4652 Liv.
527 4595 551 4661 1,
570 4596 612 4648 55.
729 4596 771 4650 Eo
791 4597 886 4664 magis
905 4596 1067 4650 Fabio...
1095 4597 1341 4667 crediderim,...
1361 4615 1450 4668 quam
1470 4595 1634 4652 Pisoni.

526 4684 612 4756 1v‚7.
730 4685 806 4740 Sunt
826 4685 1186 4756 qui....Licinius
1215 4685 1350 4742 Macer
1379 4692 1482 4742 auctor
1502 4691 1554 4742 est.
