3778 5636
367 335 527 388 cumanos
543 335 570 383 r.
586 333 685 382 cruos
701 332 727 382 c.
745 331 848 380 conum
864 329 1037 381 ratramno
1054 329 1193 378 macrone
1209 330 1282 378 osus
1298 330 1342 378 srr
1401 297 1445 379 27

216 555 289 619 tivo
317 552 507 640 praesentis
532 552 656 618 malim
680 549 921 640 imperfectum
945 550 1086 615 rorallum
1126 548 1334 636 scripturum
1370 547 1490 632 fuisse;
1550 585 1554 592 ·

216 662 299 747 quin
323 661 437 745 etiam,
449 665 489 724 ut
500 661 550 725 ait
574 658 754 725 Sturmiur
788 657 922 742 (ib.),ex
946 678 1011 724 usu
1037 681 1052 718 ιι
1082 677 1154 721 con.
1180 656 1379 744 potentialis
1395 706 1491 724 .....

215 769 339 833 caralim
352 789 413 854 pro
427 770 518 832 ritulo
531 767 682 854 positum
705 787 780 830 csse
797 771 939 852 apparet
957 789 985 832 ιι.
1000 763 1078 849 Sed,
1096 769 1134 828 ut
1158 785 1238 828 sanc
1255 764 1423 852 planeque
1439 765 1489 831 in·

215 876 404 961 tellegitur,
421 876 545 940 uzalim
561 873 652 940 idem
668 874 763 939 valet
783 895 822 938 ac
837 873 949 956 atrapis
967 873 1111 938 inclinet
1126 873 1267 936 cuiauis
1285 871 1359 936 sive
1373 872 1490 954 potius·

215 986 357 1050 meduna
381 985 456 1048 sive
479 983 569 1048 mibi
591 983 731 1048 credere
755 979 858 1048 libeat
879 981 925 1064 (1)
945 980 1090 1066 (italica
1110 1004 1125 1042 ιι
1145 981 1177 1046 io
1191 979 1388 1063 presciret
1403 981 1492 1069 piut·

215 1097 305 1156 tosto
329 1091 365 1156 di
390 1089 527 1156 credere
542 1113 560 1150 a
574 1093 594 1172 ).

302 1199 373 1264 Nos
397 1198 507 1283 igitur
530 1203 641 1262 totum
663 1195 850 1262 Liuianum
872 1197 985 1261 locum
998 1196 1047 1260 ita
1067 1195 1343 1282 interpretamur:
1378 1195 1489 1262 cOoe-

214 1306 282 1370 lius
308 1305 437 1370 servati
461 1304 611 1372 consulis
635 1301 738 1369 decus
763 1301 805 1368 ad
829 1323 967 1368 servum
991 1303 1129 1366 natione
1153 1302 1321 1388 Ligurem
1340 1302 1488 1388 delegat3

213 1410 332 1477 mihi
368 1409 571 1476 credere
618 1409 781 1474 libeat
819 1408 871 1474 de
906 1409 1015 1474 filio
1055 1429 1222 1473 verum
1260 1409 1487 1496 esse,quod

214 1519 330 1606 plures
366 1517 537 1584 tradidere
573 1523 728 1582 auctores
753 1515 903 1584 etfama
933 1516 1094 1600 obtinuit;
1121 1515 1202 1581 sed
1236 1516 1284 1582 id
1318 1539 1371 1582 ne
1406 1541 1489 1605 pro

214 1633 350 1690 certo
385 1646 625 1713 ponerem,
650 1625 874 1710 scriptor
909 1624 1113 1689 Coelius
1154 1624 1395 1691 effecit.a
1420 1625 1468 1708 (2)

302 1732 353 1798 Ac
377 1755 418 1797 ne
443 1733 520 1818 quis
546 1731 634 1796 forte
659 1731 750 1796 dicat
773 1731 916 1796 Liuium
933 1732 1062 1796 servati
1075 1733 1184 1818 patris
1211 1731 1314 1798 decus
1333 1731 1489 1820 Scipioni

213 1838 471 1904 adulescentulo
495 1838 671 1922 tribuisse,
695 1839 760 1903 hoc
783 1839 905 1921 animo,
930 1847 970 1903 ut
993 1840 1132 1925 pietatis
1157 1845 1411 1926 ergaparentes
1436 1861 1491 1905 no·

213 1946 283 2010 bile
308 1948 498 2034 exemplum
516 1945 687 2033 proferret
708 1948 753 2028 (3)
776 1953 811 2010 et
828 1947 1040 2032 praeclarum
1065 1945 1198 2010 facinus
1222 1967 1290 2011 non
1307 1947 1372 2011 vili
1396 1969 1490 2012 man·

213 2054 315 2140 cipio,
340 2053 399 2121 scd
422 2055 573 2138 ingenuo
609 2053 866 2118 adulescentulo
895 2055 1089 2139 assignaret
1125 2052 1167 2118 ad
1201 2053 1348 2118 Romani
1381 2055 1489 2118 nomi-

213 2161 267 2225 nis
292 2163 439 2246 gloriam
461 2162 572 2246 magis
586 2160 826 2227 illustrandam
838 2160 892 2246 (4),
906 2181 967 2226 nos
982 2159 1119 2245 quidem
1132 2167 1291 2248 putamus
1305 2161 1436 2226 nullam
1450 2162 1485 2226 in

213 2289 291 2332 eum
324 2268 562 2334 huiuscemodi
598 2269 828 2354 suspicionem
863 2266 983 2333 cadere
1007 2289 1118 2356 posse,
1153 2289 1193 2334 eo
1228 2267 1318 2354 quod
1353 2269 1487 2334 cautius

214 2395 309 2438 suam
334 2375 541 2440 sententiam
564 2375 757 2462 protulerit.

303 2479 371 2546 Sed
384 2487 568 2567 utcumque
582 2503 617 2546 se
634 2503 688 2546 res
705 2480 819 2565 habet,
837 2480 921 2548 haec
938 2479 1004 2546 duo
1028 2481 1165 2567 quidem
1179 2487 1259 2546 sunt
1272 2502 1358 2568 quae
1374 2481 1487 2546 firma-

213 2591 248 2650 ta
272 2609 346 2652 esse
370 2589 476 2654 volui:
492 2587 649 2674 primum,
666 2588 809 2652 Livium
825 2589 861 2652 in
879 2587 1076 2654 auctoribus
1089 2587 1293 2652 adhibendis
1307 2593 1341 2652 et
1364 2590 1489 2653 exami-

213 2693 333 2759 nandis
358 2695 408 2761 ita
434 2694 639 2780 diligentem
674 2694 794 2779 fuisse,
830 2701 868 2760 ut
909 2717 1021 2760 rerum
1059 2696 1242 2781 scriptores
1278 2694 1488 2781 eandemque

213 2799 338 2866 lamam
361 2802 501 2866 maximi
526 2801 686 2888 ponderis
712 2802 851 2896 faceret3
876 2804 1032 2879 alterum,
1059 2802 1216 2887 quamvis
1234 2803 1350 2888 plures
1375 2809 1487 2868 aucto·

213 2929 266 2972 ras
290 2914 325 2972 et
348 2909 505 2994 vulgaris
530 2907 621 2973 fama
646 2909 686 2974 de
710 2909 783 2973 fillo
808 2907 1042 2992 tradidissent,
1067 2913 1191 2992 tamen,
1215 2929 1291 2972 cnm
1304 2907 1443 2974 Coelius
1468 2932 1488 2974 a

212 3015 335 3080 ceteris
359 3014 579 3102 discreparet,
593 3016 692 3081 illum
704 3016 924 3100 antiquitatis
949 3015 1234 3100 investigatorem
1258 3015 1487 3082 clarissimum

211 3143 283 3186 rem
306 3143 367 3208 pro
391 3128 483 3187 certo
508 3143 634 3208 ponere
658 3123 808 3188 veritum
832 3144 919 3188 esse.

299 3228 445 3314 Frag.
481 3227 1116 3314 27(Liv.XXV1,11‚8)uHuius
1153 3229 1330 3316 populatio
1367 3231 1488 3316 templi

212 3334 275 3419 [ad
299 3335 413 3399 lucum
436 3336 624 3419 Feroniae]
650 3335 742 3400 haud
765 3334 871 3400 dubia
910 3337 1001 3400 inter
1037 3336 1221 3422 scriptores
1261 3341 1323 3401 est.
1349 3336 1488 3402 Coelius

206 3436 354 3506 'Romam
377 3447 514 3507 euntem
538 3441 580 3508 ab
604 3443 709 3508 Ereto
733 3441 926 3508 devertisse
939 3464 979 3508 co
993 3444 1002 3526 [
1015 3464 1059 3507 sc.
1077 3442 1119 3508 ad
1132 3443 1299 3508 Feroniae
1312 3444 1488 3530 templum]

210 3549 441 3614 Hannibalem
464 3549 581 3634 tradit,
606 3549 740 3636 iterque
764 3549 839 3614 eius
863 3548 906 3615 ab
930 3549 1039 3615 Reate
1064 3548 1274 3636 Cutiliisque
1310 3555 1344 3614 et
1369 3549 1411 3615 ab
1439 3547 1485 3614 A·

158 3723 159 3728 ,
210 3656 356 3720 miterno
381 3655 559 3723 orditura.

299 3763 424 3827 Livius
449 3763 566 3828 verbis
592 3765 710 3829 statim
732 3763 995 3850 insequentibus
1013 3766 1063 3830 ita
1079 3763 1287 3830 Hannibalis
1304 3765 1371 3830 iter
1387 3787 1408 3830 a
1420 3765 1488 3830 Tu-

211 3869 261 3932 tia
283 3869 424 3934 flumine
448 3877 526 3934 ante
564 3869 706 3935 brevius
745 3870 921 3955 traditum,
956 3872 1147 3936 accuratius
1187 3869 1363 3936 describit:
1394 3894 1410 3932 ιι
1436 3871 1489 3935 Ex
1550 3907 1552 3912 ·

281 4097 321 4169 (1)
341 4098 384 4152 Cf.
405 4098 470 4154 Liv.
490 4099 514 4170 1,
532 4100 574 4154 al:
594 4100 655 4154 Hos
679 4099 854 4174 [auctores]
878 4109 912 4154 ut
931 4119 1037 4172 sequar
1058 4101 1184 4156 inclinat
1203 4100 1329 4170 animus,
1350 4099 1373 4170 I,
1387 4101 1429 4154 55:
1446 4100 1488 4154 Eo

210 4175 499 4254 magis'orediderim
501 4229 551 4242 ......
555 4207 561 4258 ;
581 4187 664 4258 VIII,
679 4191 721 4244 50:
733 4191 853 4245 credere
872 4190 952 4245 libet.

281 4275 321 4348 (2)
341 4276 385 4330 cf.
404 4277 469 4332 Liv.
490 4277 558 4347 xc:
579 4278 617 4333 Id
642 4297 682 4334 ne
701 4297 762 4349 pro
787 4287 883 4334 certo
902 4297 1082 4350 ponerem,
1096 4280 1242 4336 vetustior
1252 4279 1408 4334 annalium
1422 4279 1489 4334 scri·

210 4371 276 4434 ptor
295 4364 377 4420 Piso
400 4366 539 4420 effecit.

282 4454 322 4525 (3)
341 4453 407 4507 Vid.
427 4455 524 4525 Liria,
544 4476 586 4526 op.
608 4458 694 4518 lumi„
714 4458 824 4511 Comm.
844 4458 1005 4528 p1·.,p.81.

281 4543 321 4614 (4)
339 4543 376 4596 Η.
402 4543 533 4614 Currum,
549 4545 578 4598 iu
598 4563 701 4600 cousin.
715 4546 733 4600 l.
748 4545 840 4600 XXII
854 4546 886 4601 T.
901 4547 932 4600 L.
947 4547 1116 4620 praemisso,
1130 4547 1206 4616 Aug.
1221 4547 1318 4618 Taua,
1332 4547 1486 4618 Loescher,
1589 4583 1591 4590 ,

211 4651 237 4708 p.
257 4631 403 4688 XXXIX.
