3778 5636
934 400 1074 448 ansatus
1097 401 1247 449 ANASTASI

451 617 673 703 adsentimur,
701 618 786 705 qui(
801 642 816 681 ιι
831 619 880 684 Do
907 621 999 702 font.
1016 645 1043 704 a,
1060 619 1107 704 ΙΙ,
1120 642 1153 707 p.
1181 620 1247 704 20)
1262 619 1432 686 iudicavit
1448 620 1604 688 Coelium
1631 621 1727 710 operi

452 748 513 792 suo
537 728 641 792 etiam
664 749 718 792 res
742 727 884 792 minoris
907 729 1071 810 momenti
1096 719 1282 793 inseruisse
1308 747 1360 793 11
1383 729 1611 811 [1111111111
1625 749 1727 810 prae-

451 837 629 901 termissos
668 833 735 918 (of.
760 837 958 901 histor-'iolas
982 835 1120 918 11011.
1138 837 1179 901 de
1195 837 1263 901 clio.
1280 837 1309 919 I,
1325 836 1373 900 26
1390 841 1424 900 et
1447 860 1478 922 q.
1497 838 1542 924 s.)
1558 861 1586 902 a.
1611 835 1727 922 Atque

450 942 555 1006 etiam
578 965 621 1007 ex
644 943 782 1008 silentio
805 943 913 1027 Livii,
937 964 1004 1028 quo
1028 944 1258 1008 narrationem
1281 944 1386 1028 illam,
1415 966 1501 1030 quae
1526 945 1664 1030 quidem
1693 967 1727 1009 a·

451 1050 521 1137 pud
544 1051 677 1115 nullum
693 1056 869 1137 praeterea
885 1051 1096 1137 scriptorem,
1118 1053 1181 1133 (ut
1196 1056 1287 1116 recte
1311 1051 1557 1116 animadvertit
1572 1054 1727 1136 Meltsor,

449 1179 481 1242 p.
505 1157 580 1241 27),
604 1158 792 1242 invenitur,
826 1159 1068 1244 praetermisit,
1092 1157 1191 1222 nobis
1216 1179 1343 1243 negare
1370 1179 1438 1222 non
1469 1159 1552 1224 licet
1583 1160 1727 1223 Livium

450 1269 529 1328 ante
553 1266 668 1330 oculos
693 1263 849 1330 Coelium
872 1264 1034 1330 habuisse
1056 1264 1171 1350 (quod
1194 1265 1324 1351 placuit
1360 1264 1553 1350 Stercuto),
1575 1266 1635 1331 sed
1657 1272 1729 1330 tan-

450 1377 523 1438 tum
538 1371 681 1437 Livium
704 1373 976 1437 narratiunculas
998 1393 1239 1457 nonnunquam
1255 1373 1407 1436 irrisisse
1424 1379 1526 1458 atque
1544 1373 1726 1460 respuisse.

539 1481 674 1564 Frag.
687 1479 740 1544 49
763 1479 857 1562 (Cic.
873 1483 915 1546 do
930 1482 997 1545 diu
1015 1479 1043 1563 Ι,
1060 1480 1113 1564 26,
1132 1480 1197 1561 55)
1214 1479 1286 1543 Titi
1301 1479 1435 1544 Latinii
1453 1483 1622 1546 somnium
1638 1503 1727 1546 com-

449 1593 665 1652 memoratur.
691 1587 790 1665 Quod
813 1586 1010 1673 prodigium
1045 1593 1180 1652 enarrat
1214 1569 1340 1652 Livius
1374 1588 1445 1671 (ΙΙ,
1480 1589 1547 1671 36)
1584 1590 1666 1679 qui,
1688 1593 1727 1651 ut

450 1696 593 1760 Mellzer
605 1696 616 1775 (
628 1717 660 1780 p.
684 1693 750 1777 29)
773 1700 864 1758 recte
877 1693 1131 1778 animadvertit,
1145 1695 1181 1758 iu
1194 1695 1369 1758 nonnullis
1386 1716 1406 1758 a
1418 1694 1537 1760 Coelio
1550 1701 1585 1760 et
1597 1718 1617 1760 a
1633 1695 1727 1760 Cice·

450 1823 532 1866 rone
555 1800 694 1866 recedit.
718 1802 788 1867 Nos
812 1801 878 1867 hoc
911 1807 1045 1866 tantum
1079 1801 1397 1866 commemoratione
1433 1801 1577 1887 dignum
1611 1824 1726 1866 cense-

449 1931 536 1992 mus,
559 1909 702 1973 Livium
725 1910 892 1974 rusticum
914 1908 1116 1991 Romanum,
1141 1892 1196 1972 cui
1226 1908 1395 1972 somnium
1422 1907 1540 1992 fuerit,
1579 1910 1729 1973 nomina·

450 2017 513 2079 tim
537 2037 826 2082 commemorasse:
853 2041 868 2076 o
893 2017 966 2081 Tito
1005 2017 1146 2081 Latinio
1187 2014 1228 2079 de
1256 2014 1356 2100 plebe
1390 2015 1523 2080 homini
1559 2017 1728 2080 somnium

451 2122 520 2187 fuit
534 2147 562 2206 a,
587 2122 743 2188 Coelium
765 2128 880 2187 autem
893 2123 1097 2209 simpliciter
1113 2122 1252 2186 dixisse:
1271 2147 1286 2182 ιι
1303 2123 1588 2188 1111111111111111
1605 2125 1729 2190 Romo·

453 2249 499 2293 11
515 2229 700 2294 dormienti
712 2230 827 2294 visum
851 2235 903 2292 est
918 2254 945 2293 n.
970 2229 1046 2294 Hoc
1070 2250 1152 2293 vero
1178 2227 1215 2293 Τ.
1239 2228 1508 2293 Latiniinomen
1532 2230 1622 2315 apud
1645 2230 1727 2294 Dio-

450 2337 588 2420 nysium
611 2336 789 2400 invenitur
810 2335 914 2419 (VII,
939 2336 1014 2418 68);
1039 2358 1149 2420 quem,
1174 2357 1250 2398 cum
1274 2334 1433 2400 ludorum
1461 2335 1728 2422 descriptionem

448 2443 551 2526 (VH,
576 2443 640 2524 71)
663 2465 705 2506 ex
728 2442 837 2507 Fabio
862 2464 897 2507 se
921 2442 1078 2506 hausisse
1102 2444 1176 2528 ipse
1200 2449 1357 2526 testetur,
1390 2443 1494 2506 etiam
1529 2441 1571 2507 ab
1608 2443 1726 2508 eodem

450 2551 615 2636 scriptore
639 2550 704 2614 hoo
727 2571 849 2614 nomen
873 2551 1060 2636 sumpsisse
1095 2550 1238 2615 conicio.
1274 2549 1373 2627 Quod
1401 2551 1431 2614 si
1465 2555 1557 2614 recte
1596 2550 1727 2615 iudica·

448 2661 522 2720 tum
546 2663 608 2740 est,
631 2656 723 2722 haud
747 2657 850 2721 dubie
874 2656 1077 2722 contendere
1102 2679 1283 2742 possumus
1307 2658 1450 2721 Livium
1473 2657 1509 2720 in
1525 2657 1591 2722 hoc
1608 2657 1645 2722 Τ.
1663 2658 1728 2722 La·

448 2764 529 2826 tinii
553 2765 684 2828 somnio
708 2763 896 2828 enarrando
920 2769 1055 2849 praeter
1078 2765 1164 2828 alios
1189 2770 1356 2848 auctores,
1396 2763 1541 2828 eundem
1579 2763 1726 2829 Fabium

449 2870 658 2936 adhibuisse.
684 2871 837 2948 Quocum
861 2871 1011 2955 Coelius,
1024 2909 1066 2918 --
1080 2871 1177 2934 cuius
1202 2869 1340 2956 quidem
1353 2892 1549 2955 germanam
1564 2872 1728 2936 narratio·

449 2998 526 3040 nem
549 2976 657 3041 Fabio
683 2965 868 3062 Gellioque
904 2977 1111 3063 adscriptam
1146 2977 1237 3063 apud
1271 2976 1470 3042 Ciceronem
1498 2999 1559 3042 nos
1599 2977 1726 3042 habere

449 3089 589 3168 apparet
626 3084 692 3165 (cf.
717 3087 935 3163 1111111111,
962 3107 994 3171 p.
1018 3085 1094 3167 29),
1109 3123 1152 3132 -
1168 3083 1251 3149 adeo
1276 3085 1458 3169 consentit,
1475 3089 1514 3148 ut
1543 3105 1584 3148 ex
1608 3085 1727 3149 eodem
1802 3069 1807 3078 ¹

450 3190 545 3255 fonte
569 3197 751 3277 utrumque
776 3193 977 3278 scriptorem
1000 3191 1168 3273 hausisse,
1196 3189 1232 3254 id
1256 3190 1346 3276 quod
1363 3190 1510 3256 fortasse
1535 3192 1638 3256 etiam
1666 3213 1728 3277 per

450 3320 486 3360 se
510 3319 528 3361 e
553 3297 728 3364 Ciceronis
752 3299 869 3363 verbis
894 3299 1013 3382 colligi
1038 3304 1153 3384 potest
1174 3298 1229 3382 (1),
1253 3304 1384 3362 certum
1409 3299 1464 3363 sit.

538 3406 672 3491 Frag.
698 3406 752 3468 10
773 3405 867 3494 (Cio.
891 3408 933 3471 de
948 3407 1016 3471 dio.
1034 3406 1061 3489 Ι,
1079 3405 1131 3469 26.
1149 3405 1215 3487 56)
1238 3405 1274 3470 O.
1293 3403 1440 3468 Gracchi
1473 3406 1641 3469 somnium
1662 3427 1728 3469 me-

448 3517 610 3595 moratur,
635 3511 725 3596 quod
748 3511 886 3596 quidem
897 3512 975 3577 Val.
991 3513 1080 3576 Max.
1104 3512 1148 3595 (1,
1173 3511 1205 3594 7)
1216 3517 1252 3576 11
1263 3511 1377 3592 Ρ111.(
1393 3511 1425 3576 C.
1442 3512 1597 3590 Graocb„
1611 3511 1641 3595 Ι)
1654 3533 1728 3598 pro-

449 3617 575 3700 ferunt;
601 3618 660 3683 sed
685 3617 917 3683 Gracchorum
941 3641 994 3683 res
1020 3624 1137 3702 gestae
1158 3640 1235 3682 cum
1258 3623 1330 3683 toto
1354 3618 1434 3683 Liv.
1456 3617 1546 3683 libro
1562 3619 1650 3683 LXI
1665 3623 1727 3700 (ut

449 3726 540 3788 inter
563 3746 678 3789 omnes
704 3729 859 3806 constat)
882 3723 993 3789 adhuc
1017 3724 1265 3790 desiderantur.

536 3832 589 3894 Ex
612 3831 667 3896 his
693 3831 850 3896 omnibus
875 3831 1008 3895 efficere
1032 3853 1093 3916 par
1117 3830 1293 3916 estnihil,
1318 3831 1559 3918 quodquidam
1582 3831 1625 3896 de
1648 3853 1726 3918 ope·

447 3961 482 4002 re
507 3938 669 4003 Caeliano
694 3937 784 4023 apud
808 3935 1007 4000 Ciceronem
1033 3942 1208 4012 servatum
1233 3938 1289 4022 sit,
1324 3939 1361 4000 in
1395 3937 1538 4003 Livium
1573 3938 1725 4022 fluxisse,

446 4045 528 4128 quin
552 4044 594 4108 ab
619 4043 698 4108 aliis
723 4065 857 4128 quoquc
881 4044 1056 4108 annalium
1073 4043 1299 4128 scriptoribus
1314 4047 1541 4130 (praesertim
1558 4067 1577 4109 a
1594 4044 1727 4127 Fabio)

447 4150 620 4236 proditum
649 4151 705 4215 sit.

450 4529 609 4537 υ,-

519 4611 559 4684 (1)
578 4612 636 4666 Cic.
656 4614 691 4666 do
709 4615 765 4666 dir.
786 4614 808 4682 I,
822 4615 865 4682 25,
878 4614 920 4666 55:
942 4635 955 4663 κ
970 4613 1079 4668 Omnes
1098 4615 1152 4668 hoc
1165 4614 1300 4668 historici
1316 4617 1406 4671 Fabii,
1421 4614 1516 4671 (lollii,
1530 4615 1579 4668 sed
1588 4617 1723 4682 proniore

452 4701 568 4755 Coelius.
589 4701 663 4755 Cum
682 4703 759 4756 bello
778 4703 872 4756 latino
892 4703 954 4756 ludi
969 4744 974 4758 .
990 4744 995 4756 .
1010 4724 1045 4756 .n
