3778 5636
284 336 444 405 oderamus
460 355 488 401 r.
503 335 603 399 ir'vrus
618 334 645 400 i.
662 333 766 397 cosmo
782 351 958 398 aurrrarno
974 331 1114 396 eucrocia
1130 333 1203 394 usos
1219 349 1264 394 srr
1324 329 1366 393 33
1466 373 1468 378 -

136 569 303 654 equisque
327 569 445 652 salvis,
469 573 539 632 tam
562 566 691 647 vim(l)
712 563 865 630 fluminis
891 585 1070 650 superasse
1083 563 1274 628 verisimile
1299 569 1361 645 est,
1374 568 1413 625 ut

136 677 204 739 iam
227 675 402 760 Hispanos
427 673 537 738 omnis
562 673 674 737 inflati
685 672 899 736 travexerint
914 676 1008 735 utres
1023 719 1118 736 .....
1142 670 1299 734 Potiores
1323 668 1413 755 apud

136 799 189 846 me
214 788 369 846 auctores
395 788 485 864 sunt,
499 781 558 865 qui
581 778 686 844 biduo
711 780 771 842 vix
795 779 907 843 locum
931 784 1004 842 rate
1022 775 1194 861 iungendo
1210 776 1345 840 fiumini
1362 777 1413 838 in-

135 896 278 954 ventum
294 887 434 952 tradunt
449 912 477 952 a.
492 887 580 968 (Qua
592 887 634 951 de
651 908 687 950 re
704 884 765 951 cfr.
782 886 869 969 Pol.,
886 885 952 968 HI,
969 885 1066 968 66,3).

233 994 448 1078 Woelffliuus
471 993 516 1076 (2)
547 1015 587 1056 ex
623 993 695 1056 illis
730 992 811 1056 Liv.
835 990 963 1056 verbis:
1001 993 1124 1055 ciam
1163 987 1414 1076 Hispanos

15 1107 16 1128 ³
136 1102 291 1167 omnis
326 1099 870 1172 inflatitravexerint
904 1103 1083 1161 utresa
1118 1096 1235 1161 effecit
1258 1097 1322 1160 illa
1359 1096 1416 1160 Li·

136 1207 518 1292 viana(XXI,27,5)u
548 1206 763 1292 Hispani
791 1206 898 1269 sine
925 1206 1030 1270 ulla
1053 1205 1174 1268 mole
1205 1205 1252 1268 in
1276 1210 1414 1267 utres

136 1315 464 1380 vestimentis
504 1313 755 1378 coniectis
793 1313 896 1398 ipsi
940 1312 1130 1376 caetris
1175 1331 1415 1397 superpo-

15 1405 16 1478 i
138 1423 259 1486 sitis
295 1420 595 1486 incubantes
632 1419 819 1484 flumen
846 1418 1415 1483 tranavererverisimiliter

138 1551 180 1593 ex
208 1529 325 1593 Coelio
349 1527 500 1592 fluxisse.
526 1527 573 1592 At
597 1548 673 1592 oum
696 1525 780 1590 haec
803 1525 956 1590 fluminis
981 1525 1162 1591 traiciendi
1188 1526 1275 1589 ratio
1293 1546 1415 1609 nequa-

138 1657 238 1721 quam
252 1635 428 1718 inusiteta,
452 1653 573 1698 verum
589 1634 693 1698 etiam
709 1631 799 1720 apud
816 1633 1023 1719 scriptores(
1036 1631 1080 1696 cf.
1109 1632 1215 1717 Ourt,
1232 1631 1312 1716 VH,
1328 1632 1417 1715 21,8

138 1750 174 1807 et
186 1742 295 1827 Caes,
309 1743 347 1806 B.
367 1741 412 1820 C,
426 1740 480 1824 48,
505 1739 547 1824 7)
570 1738 689 1804 crebra
713 1738 830 1823 fuerit,
866 1740 1050 1825 scriptores
1074 1740 1183 1803 nostri
1208 1759 1273 1803 non
1299 1737 1417 1802 eadem

139 1872 175 1913 re
199 1850 279 1914 ficte
303 1856 338 1912 et
360 1869 459 1932 vana,
476 1843 536 1912 sed
562 1867 647 1912 vera
669 1853 704 1910 et
727 1846 796 1913 fida
819 1847 1013 1911 concinunt.
1030 1845 1150 1910 Nonne
1164 1845 1274 1930 igitur
1286 1847 1416 1932 optimo

139 1958 213 2020 iure
238 1954 337 2020 nobis
362 1955 444 2019 licet
467 1953 600 2050 efficere
624 1954 767 2018 Livium
791 1975 865 2018 eam
889 1975 961 2017 rem
984 1975 1026 2017 ex
1049 1953 1127 2018 eliis
1146 1971 1279 2038 quoque
1313 1951 1416 2016 fonti·

138 2062 213 2147 bus,
230 2069 366 2150 praeter
382 2061 548 2145 Coelium,
572 2059 756 2126 hausisse?
780 2061 888 2124 Recta
901 2061 1011 2145 igitur
1023 2066 1181 2146 putamus
1196 2082 1281 2145 quae
1296 2059 1417 2124 scribit

15 2205 16 2218 κ
102 2265 103 2272 ἵ
140 2169 322 2235 sacremus
336 2168 504 2232 inlibello
522 2189 623 2254 saepe
647 2168 752 2232 allato
786 2167 940 2254 (ρ.17);ιι
962 2167 1116 2252 Namque
1141 2164 1240 2231 oredo
1264 2172 1336 2230 tum
1361 2166 1417 2231 de-

15 2299 16 2334 r
140 2298 244 2361 mum,
278 2295 355 2340 cum
378 2273 445 2339 duo
481 2275 666 2361 scriptores
689 2275 726 2337 in
761 2275 878 2360 aliqua
901 2279 960 2338 aut
984 2274 1151 2338 inusitata
1179 2279 1238 2338 aut
1267 2272 1354 2338 falsa
1378 2274 1415 2338 fi-

15 2451 16 2468 ,
140 2390 262 2468 ctaque
286 2404 322 2446 re
346 2381 575 2466 consentiunt,
599 2386 769 2468 procerte
793 2401 855 2445 nos
879 2380 1047 2445 affirmare
1064 2401 1164 2468 posse
1188 2387 1247 2445 aut
1271 2381 1416 2444 alterum

140 2513 181 2554 ex
215 2490 324 2554 altero
359 2488 516 2554 hausisse
552 2496 611 2553 aut
645 2493 829 2573 utrumque
852 2509 952 2552 usum
976 2509 1051 2551 esse
1075 2486 1194 2553 eodem
1217 2486 1312 2552 fonte
1329 2513 1355 2552 n.

229 2597 378 2680 Frag.
412 2596 432 2659 2
448 2595 476 2660 1.
500 2595 626 2659 Livius
642 2593 765 2680 XXII,
777 2595 831 2679 31,
847 2595 870 2658 8
892 2596 1067 2661 annalium
1091 2585 1226 2680 sarnam,
1250 2617 1318 2660 una
1341 2617 1417 2659 cum

141 2703 270 2788 Coelio,
284 2704 343 2788 qui
358 2702 500 2767 eandem
511 2701 723 2786 tradidisset,
736 2702 786 2767 ita
798 2700 1048 2790 reprehenditzu
1070 2702 1230 2766 Omnium
1245 2722 1350 2789 prope
1364 2724 1418 2766 an·

141 2811 237 2874 nales
261 2809 408 2874 Fabium
432 2808 634 2874 dictatorem
657 2808 823 2874 adversus
847 2807 1079 2874 Hannibalem
1095 2830 1166 2873 rem
1182 2810 1332 2892 gessisse
1350 2815 1417 2874 tra·

141 2917 238 3002 dunt,
261 2915 397 2982 Coelius
422 2917 527 2981 etiam
551 2917 800 3003 cumprimum
823 2938 844 2981 a
870 2915 997 3002 populo
1037 2924 1188 2981 creatum
1215 2914 1418 2981 dictatorem

142 3023 265 3089 scribit
283 3050 312 3090 a.
335 3024 387 3088 De
410 3023 475 3089 hac
498 3046 535 3089 re
559 3025 659 3090 Titus
683 3022 800 3088 verbis
825 3023 943 3088 statim
956 3023 1178 3109 sequentibus
1197 3023 1353 3088 Coelium
1365 3045 1416 3088 ce·

141 3137 301 3216 torosque
325 3132 361 3194 in
384 3131 609 3216 magistratus
633 3131 769 3196 nomine
802 3151 934 3195 errasse
965 3136 1056 3194 recte
1091 3131 1350 3215 demonstravit,
1376 3133 1419 3195 si·

141 3240 281 3324 mulque
305 3259 372 3324 quo
395 3237 495 3304 modo
519 3258 614 3303 error
637 3238 698 3302 ille
722 3243 861 3302 exortus
886 3243 979 3302 esset
1002 3237 1128 3302 docuit:
1156 3263 1171 3299 u
1191 3237 1310 3302 Sedet
1338 3239 1418 3303 Coe·

141 3347 228 3409 lium
252 3351 287 3409 et
310 3352 442 3411 ceteros
467 3343 562 3430 fugit
585 3345 646 3409 uni
671 3345 804 3410 consuli
829 3343 890 3409 Gn.
916 3343 1079 3431 Servilio,
1104 3346 1164 3430 qui
1187 3351 1260 3410 tum
1299 3349 1418 3434 procul

142 3453 180 3516 in
206 3452 322 3517 Gallia
344 3453 526 3540 provincia
548 3450 678 3538 aberat,
701 3453 756 3517 ius
781 3451 891 3516 fuisse
926 3451 1063 3516 dicendi
1087 3451 1277 3538 dictatoris;
1317 3475 1419 3539 quam

142 3580 272 3625 moram
296 3560 377 3645 quia
400 3551 580 3647 expectare
604 3560 727 3625 territa
749 3560 819 3624 iam
843 3557 938 3624 clade
963 3559 1088 3624 civitas
1113 3580 1181 3624 non
1209 3566 1352 3646 poterat,
1378 3583 1418 3626 eo

143 3665 324 3732 decursum
348 3671 412 3752 est,
435 3673 511 3732 uta
534 3668 661 3754 populo
685 3674 859 3732 crearetur
883 3666 942 3751 qui
966 3687 1028 3754 pro
1053 3665 1221 3732 dictatore
1246 3674 1346 3754 esset,
1364 3691 1418 3732 res

143 3773 223 3839 inde
248 3779 363 3858 gestas
388 3775 602 3859 gloriamque
626 3774 801 3859 insignem
824 3772 922 3838 ducis
946 3781 982 3838 et
996 3775 1157 3860 augentis
1170 3775 1312 3841 titulum
1335 3778 1418 3840 ima-

142 3883 235 3968 ginis
248 3888 416 3969 posteros;
440 3888 489 3967 ut,
514 3883 574 3968 qui
596 3903 658 3969 pro
682 3880 849 3946 dictatore
865 3881 1004 3964 fuisset,
1033 3884 1184 3949 dictator·
1212 3883 1419 3970 crederetur,

143 3991 245 4055 facile
291 3989 469 4056 obtnuisse
489 4014 516 4054 a.
553 3988 724 4067 Quidnam
773 3988 838 4054 hoc
873 3988 947 4054 loco
988 3990 1114 4055 clarius
1155 3992 1268 4057 elucet
1318 4015 1419 4079 quam

141 4099 285 4164 Livium
324 4105 501 4165 auctorum
537 4096 661 4163 famam
697 4095 819 4162 subtili
854 4095 983 4163 iudicio
1020 4099 1070 4163 sic
1104 4099 1342 4188 perpendisse,
1381 4109 1420 4166 ut

143 4375 356 4386 ——..——-

214 4537 254 4610 (1)
273 4537 317 4592 Cf.
337 4536 402 4594 Liv.
422 4531 507 4606 XXI,
517 4536 561 4607 43,
579 4532 604 4591 4:
619 4529 740 4589 rMaior
757 4529 857 4590 Padus
876 4552 909 4592 ec
928 4532 1087 4596 violentior
1099 4531 1244 4599 Rhodano
1256 4556 1279 4598 a

215 4629 255 4704 (2)
274 4627 311 4686 Iu
330 4627 399 4686 odit.
420 4627 438 4684 1.
457 4626 543 4700 XXI,
562 4644 589 4706 p.
604 4627 646 4682 59.
