3778 5636
416 658 632 723 Hannibalis
657 680 717 746 per
739 657 846 745 Alpes
871 661 939 723 iter
961 681 1003 724 ex
1027 659 1146 725 Coelio
1171 661 1206 724 in
1231 659 1375 725 Livium
1398 657 1540 724 fluxisse
1567 665 1702 724 conten·

425 765 486 830 dit.
512 766 580 830 Sed
605 768 774 850 reslonge
791 767 893 831 aliter
917 790 953 832 se
969 766 1083 850 habet3
1109 789 1253 854 namque
1284 769 1319 832 V.
1335 767 1631 834 Gardllraurcariia
1655 770 1701 849 (1)

425 875 532 938 firmis
557 876 770 960 argumentis
794 875 1044 941 demonstravit
1068 876 1287 940 Ammianum
1310 875 1534 961 Oceliumque
1559 877 1698 941 interse

425 989 541 1070 aperte
566 1004 728 1069 pugnare3
753 983 971 1047 Ammianum
995 989 1109 1048 autem
1133 1005 1199 1048 nou
1224 997 1265 1048 ex
1285 983 1697 1071 Ooelianorumepitcme,

425 1089 485 1154 sed
508 1113 549 1154 ex
572 1090 677 1156 Livio
701 1092 848 1175 aliisque
873 1113 986 1156 rerum
1004 1091 1229 1178 scriptoribus
1253 1091 1412 1155 hausisse
1427 1092 1481 1174 (2).
1506 1090 1701 1177 Utcumque

423 1197 508 1263 haec
532 1221 585 1262 res
611 1222 646 1262 se
670 1198 783 1282 habet,
808 1199 931 1282 culvis,
960 1200 1019 1284 qui
1043 1200 1155 1263 animo
1175 1219 1242 1263 non
1266 1205 1532 1285 praeoccupatus
1550 1198 1700 1263 adhunc

423 1307 610 1372 Liuianum
633 1309 746 1371 locum
768 1306 894 1390 (XXI,
908 1308 961 1390 38,
978 1306 1020 1390 7)
1044 1308 1236 1389 accesserit,
1261 1306 1373 1371 Ocelii
1410 1305 1535 1370 famam
1558 1307 1701 1371 Livium

424 1437 490 1478 non
516 1413 677 1501 probasse
702 1416 920 1501 perspicuum
942 1415 1018 1479 erit.
1043 1415 1222 1478 Livius
1247 1414 1339 1478 enim
1366 1413 1698 1478 Hannibalem

383 1543 506 1607 0per
540 1521 690 1607 Alpes
727 1522 925 1586 Cottias
953 1520 1567 1607 transeuntem(3)prodit,
1593 1521 1701 1587 Oce-

423 1630 524 1694 lius
571 1636 685 1694 autem
731 1653 814 1716 per
860 1629 1115 1693 Cremonis
1164 1629 1327 1713 iugum
1360 1629 1414 1712 (4).
1452 1628 1529 1693 Ηοο
1564 1627 1702 1714 quidem

422 1739 536 1823 ipsum
575 1740 813 1822 certissimum,
850 1739 992 1802 Livium
1027 1759 1102 1803 cum
1138 1736 1270 1822 ambigi
1309 1736 1546 1821 admiraretur,
1587 1759 1702 1821 qua-

424 1868 523 1910 nam
558 1843 992 1932 Alpis'Hannibal
1028 1847 1326 1929 t1·ausierit,
1351 1850 1396 1910 et
1426 1846 1580 1930 vulgo
1608 1868 1702 1910 cre·

411 1953 469 2016 'di
503 1955 786 2018 Poenina...
823 1961 1198 2038 transgressum
1234 1953 1324 2038 [ib.],
1349 1952 1516 2037 Coelium,
1554 1954 1634 2040 quia
1659 1952 1701 2018 ab

423 2063 502 2126 aliis
542 2061 741 2126 abhorreret
781 2060 1029 2148 scriptoribus,
1069 2063 1173 2125 allato
1213 2063 1371 2144 nomine,
1407 2082 1698 2126 commemorasse.

422 2168 543 2254 Itaque
569 2169 686 2234 Coelio
722 2171 818 2234 illam
842 2169 1075 2242 tantummodo
1112 2191 1193 2252 rem,
1218 2169 1304 2254 quae
1329 2169 1403 2232 eius
1428 2189 1549 2233 nomen
1568 2168 1701 2250 afferat,

423 2277 552 2361 optimo
576 2278 650 2340 iure
675 2276 934 2342 adscribendam
959 2298 1035 2342 esse
1060 2283 1229 2364 putamus.

512 2385 541 2448 F
555 2407 571 2447 r
583 2407 602 2448 a
615 2407 657 2468 g.
686 2384 725 2447 17
748 2385 850 2466 (Liv.
876 2383 977 2468 XXI,
995 2386 1048 2468 46,
1065 2386 1128 2467 10)
1142 2410 1156 2444 u
1176 2383 1314 2448 Servati
1331 2385 1482 2450 c'onsulis
1501 2384 1603 2448 decus
1618 2384 1701 2448 Coe-

423 2492 490 2555 lius
516 2491 558 2555 ad
583 2513 720 2555 servum
745 2494 882 2556 natione
907 2493 1074 2576 Ligurem
1098 2491 1246 2576 delegat,
1272 2492 1389 2556 malim
1415 2490 1573 2576 equidem
1589 2491 1631 2556 de
1669 2493 1702 2555 e-

423 2600 470 2662 lio
494 2621 615 2663 verum
640 2623 724 2684 esse,
750 2599 840 2684 quod
865 2607 898 2663 et
922 2601 1038 2686 plures
1063 2599 1234 2664 tradidere
1260 2606 1414 2664 auctores
1440 2605 1474 2663 et
1499 2598 1588 2663 fama
1613 2598 1701 2663 obti-

422 2707 539 2770 nuit.a
1592 2691 1598 2696 .

512 2816 586 2891 Quo
611 2816 646 2878 in
663 2817 737 2880 loco
762 2815 826 2880 lroo
851 2815 989 2902 quidem
1012 2818 1048 2880 in
1073 2818 1194 2902 primis
1212 2817 1532 2881 commemoratione
1557 2815 1702 2900 dignum

423 2943 564 2986 censeo:
601 2921 795 3006 Coelio,
832 2925 892 3008 qui
924 2926 1053 2988 servati
1077 2925 1114 2988 P.
1145 2923 1318 3010 Scipionis
1343 2925 1494 2988 consulis
1519 2922 1622 2987 decus
1659 2922 1702 2986 ad

422 3050 560 3092 servum
583 3031 721 3094 natione
734 3021 901 3115 Ligurem
927 3031 1152 3117 delegaverit,
1180 3038 1226 3096 et
1265 3031 1436 3117 plures
1472 3039 1701 3094 auctores

422 3141 466 3199 et
502 3138 761 3221 vulgarem
796 3137 965 3202 famam
999 3138 1197 3202 Livium
1233 3139 1543 3226 opposuisse.

510 3245 688 3309 Boettcher
711 3245 755 3328 (ὃ)
767 3244 858 3309 hunc
870 3246 983 3310 locum
995 3247 1187 3332 perlegens,
1205 3245 1360 3311 Coelium
1374 3246 1603 3310 certissimum
1627 3266 1703 3308 auc-

421 3355 530 3414 torem
553 3374 572 3415 a
595 3351 700 3417 Livio
724 3351 881 3417 habitum
904 3375 979 3418 esse
1004 3355 1149 3437 censuit;
1175 3376 1276 3440 quam
1293 3353 1498 3418 sententiam
1525 3352 1699 3419 Gildorlua

419 3459 429 3517 I
438 3483 451 3517 a
461 3457 526 3520 Die
539 3459 642 3543 Frag.
652 3485 680 3542 a,
693 3481 723 3545 p.
734 3460 824 3558 5132),
837 3461 892 3524 cui
909 3460 1102 3524 adsentitur
1115 3461 1295 3526 Slarmiaa
1307 3461 1350 3547 (p.
1361 3460 1423 3544 15),
1437 3460 1611 3524 infirmare
1629 3464 1702 3522 stu-

425 3564 511 3647 duit,
525 3539 801 3694 ειθθθτειιερἃ)ἶ
824 3567 853 3629 si
867 3568 915 3630 ita
929 3589 964 3630 se
978 3588 1031 3631 res
1044 3565 1196 3650 haberet,
1211 3571 1302 3631 certe
1314 3567 1457 3631 Livium
1468 3589 1530 3653 pro
1544 3566 1701 3630 coniunc

423 3783 636 3792 ——.—..-....

492 3868 531 3939 (1)
552 3869 585 3923 V.
606 3871 818 3926 Gnuuririusan·
841 3895 853 3923 u
873 3874 958 3926 (leber
970 3874 1017 3927 die
1028 3873 1269 3944 propraplriscbcn
1283 3873 1400 3931 Quellen
1423 3873 1472 3925 dos
1492 3871 1663 3923 Ammianus
1676 3891 1700 3922 a.

421 3959 526 4014 Jahrb.
547 3960 567 4013 l'.
588 3961 671 4038 class.
692 3961 799 4024 Philol.
820 3962 863 4015 VI
883 3962 909 4015 S.
929 3962 982 4017 Bd.

492 4048 531 4120 (2)
560 4049 624 4103 Iam
644 4050 848 4121 Iturius-ses,
874 4051 909 4122 (a
925 4054 966 4105 De
976 4055 1063 4121 santa
1076 4052 1185 4107 Gomm.
1200 4053 1261 4122 alt,
1274 4070 1340 4123 pag.
1351 4052 1397 4124 28)
1411 4051 1604 4105 Ammianum
1618 4057 1648 4104 et
1660 4048 1701 4102 Si·

421 4138 495 4191 lium
515 4139 655 4193 Italicum
676 4141 706 4193 in
726 4141 906 4196 Hannibalis
927 4142 1034 4197 itinere
1054 4142 1245 4197 describendo
1264 4145 1385 4211 sortasse
1404 4141 1490 4195 Livio
1510 4159 1578 4194 usos
1598 4157 1659 4194 esse
1672 4157 1701 4192 a·
1761 4169 1765 4176 ·

422 4228 664 4284 nimadverterat.

492 4320 533 4390 (3)
553 4319 596 4374 cf.
616 4320 648 4374 F.
668 4320 765 4390 Lacu,
785 4341 827 4390 op.
849 4323 935 4391 laad,
955 4323 1065 4378 Gomm.
1085 4323 1145 4393 all,
1165 4340 1191 4394 p.
1211 4325 1253 4377 38.

492 4409 532 4480 (4)
551 4409 688 4465 Fortasse
708 4411 729 4465 O
741 4430 755 4464 r
764 4429 782 4464 a
791 4430 820 4465 m
832 4430 847 4466 o
860 4419 918 4466 nt:
940 4413 1040 4483 inqua
1060 4413 1178 4483 quidem
1198 4412 1347 4468 sententia
1358 4429 1459 4467 omnes
1469 4411 1532 4467 fere
1552 4409 1610 4465 viri
1621 4409 1699 4464 docti

421 4498 583 4552 concinunt
611 4499 669 4570 (H.
689 4499 797 4570 Parsa,
816 4521 858 4570 op.
881 4502 967 4570 laeui,
995 4520 1021 4572 p.
1055 4495 1278 4572 CCXXXV1113
1298 4502 1334 4556 H.
1359 4500 1482 4556 Coccina
1506 4501 1537 4554 in
1557 4518 1660 4554 comm.
1682 4499 1699 4552 l.

421 4585 497 4638 XXI
517 4587 549 4640 Τ.
569 4588 658 4657 Livii,
678 4607 704 4659 p.
725 4591 760 4642 90
779 4591 846 4643 adn.
868 4589 904 4662 l).

492 4675 532 4746 (5)
551 4676 732 4747 Boarrcaau,
752 4679 825 4731 Krit.
850 4681 957 4733 tura-r.
987 4683 1071 4734 creber
1090 4681 1117 4734 d.
1141 4682 1259 4738 Qucllen
1278 4681 1327 4735 der
1346 4681 1445 4734 Liuius
1467 4683 1505 4733 tm
1532 4679 1613 4732 XXI.
1641 4679 1701 4730 aad

421 4765 520 4820 XXII.
552 4767 638 4822 Barla
659 4767 692 4822 V.
714 4767 740 4821 S.
761 4767 929 4842 Bl,Jahrb.
950 4770 970 4822 t'.
1000 4770 1083 4826 class.
1103 4769 1220 4845 Philol,
1240 4770 1372 4844 Leipzig,
1399 4771 1477 4842 1869,
1496 4788 1522 4846 p.
1543 4770 1603 4825 397.
